%YAML 1.1
%TAG !u! tag:unity3d.com,2011:
--- !u!1 &2604713308904843079
GameObject:
  m_ObjectHideFlags: 0
  m_CorrespondingSourceObject: {fileID: 0}
  m_PrefabInstance: {fileID: 0}
  m_PrefabAsset: {fileID: 0}
  serializedVersion: 6
  m_Component:
  - component: {fileID: 1332666559458940244}
  m_Layer: 0
  m_Name: CurlyhouseRed
  m_TagString: Untagged
  m_Icon: {fileID: 0}
  m_NavMeshLayer: 0
  m_StaticEditorFlags: 0
  m_IsActive: 1
--- !u!4 &1332666559458940244
Transform:
  m_ObjectHideFlags: 0
  m_CorrespondingSourceObject: {fileID: 0}
  m_PrefabInstance: {fileID: 0}
  m_PrefabAsset: {fileID: 0}
  m_GameObject: {fileID: 2604713308904843079}
  m_LocalRotation: {x: 0, y: -0, z: -0, w: 1}
  m_LocalPosition: {x: 7.234616, y: 0.0973324, z: 21.027098}
  m_LocalScale: {x: 1.1595069, y: 1.1595069, z: 1.1595069}
  m_Children:
  - {fileID: 6092597190739323967}
  - {fileID: 8688481851419728636}
  - {fileID: 7177831396733581913}
  - {fileID: 4184743030174557294}
  - {fileID: 2139258723863863970}
  - {fileID: 4826494956882399015}
  - {fileID: 7280698395805218964}
  - {fileID: 5540817586118811710}
  - {fileID: 7691168622411088895}
  m_Father: {fileID: 0}
  m_RootOrder: 0
  m_LocalEulerAnglesHint: {x: 0, y: 0, z: 0}
--- !u!1 &3995651194158410024
GameObject:
  m_ObjectHideFlags: 0
  m_CorrespondingSourceObject: {fileID: 0}
  m_PrefabInstance: {fileID: 0}
  m_PrefabAsset: {fileID: 0}
  serializedVersion: 6
  m_Component:
  - component: {fileID: 6092597190739323967}
  - component: {fileID: 2892110917631823180}
  - component: {fileID: 2230216369585334047}
  m_Layer: 0
  m_Name: Main_Building
  m_TagString: Untagged
  m_Icon: {fileID: 0}
  m_NavMeshLayer: 0
  m_StaticEditorFlags: 0
  m_IsActive: 1
--- !u!4 &6092597190739323967
Transform:
  m_ObjectHideFlags: 0
  m_CorrespondingSourceObject: {fileID: 0}
  m_PrefabInstance: {fileID: 0}
  m_PrefabAsset: {fileID: 0}
  m_GameObject: {fileID: 3995651194158410024}
  m_LocalRotation: {x: 0, y: -0, z: -0, w: 1}
  m_LocalPosition: {x: 0.017856598, y: 5.7954636, z: 0.11960888}
  m_LocalScale: {x: 1, y: 1, z: 1}
  m_Children: []
  m_Father: {fileID: 1332666559458940244}
  m_RootOrder: 0
  m_LocalEulerAnglesHint: {x: 0, y: 0, z: 0}
--- !u!33 &2892110917631823180
MeshFilter:
  m_ObjectHideFlags: 0
  m_CorrespondingSourceObject: {fileID: 0}
  m_PrefabInstance: {fileID: 0}
  m_PrefabAsset: {fileID: 0}
  m_GameObject: {fileID: 3995651194158410024}
  m_Mesh: {fileID: -8395097966496303067, guid: f46a6b696471c92409a77aa0a66ff2ed, type: 3}
--- !u!23 &2230216369585334047
MeshRenderer:
  m_ObjectHideFlags: 0
  m_CorrespondingSourceObject: {fileID: 0}
  m_PrefabInstance: {fileID: 0}
  m_PrefabAsset: {fileID: 0}
  m_GameObject: {fileID: 3995651194158410024}
  m_Enabled: 1
  m_CastShadows: 1
  m_ReceiveShadows: 1
  m_DynamicOccludee: 1
  m_MotionVectors: 1
  m_LightProbeUsage: 1
  m_ReflectionProbeUsage: 1
  m_RayTracingMode: 2
  m_RenderingLayerMask: 1
  m_RendererPriority: 0
  m_Materials:
  - {fileID: 2100000, guid: 1db685f9c6b6bb14fb4e3c761ecc8d2f, type: 2}
  m_StaticBatchInfo:
    firstSubMesh: 0
    subMeshCount: 0
  m_StaticBatchRoot: {fileID: 0}
  m_ProbeAnchor: {fileID: 0}
  m_LightProbeVolumeOverride: {fileID: 0}
  m_ScaleInLightmap: 1
  m_ReceiveGI: 1
  m_PreserveUVs: 0
  m_IgnoreNormalsForChartDetection: 0
  m_ImportantGI: 0
  m_StitchLightmapSeams: 1
  m_SelectedEditorRenderState: 3
  m_MinimumChartSize: 4
  m_AutoUVMaxDistance: 0.5
  m_AutoUVMaxAngle: 89
  m_LightmapParameters: {fileID: 0}
  m_SortingLayerID: 0
  m_SortingLayer: 0
  m_SortingOrder: 0
--- !u!1 &4386923043406950075
GameObject:
  m_ObjectHideFlags: 0
  m_CorrespondingSourceObject: {fileID: 0}
  m_PrefabInstance: {fileID: 0}
  m_PrefabAsset: {fileID: 0}
  serializedVersion: 6
  m_Component:
  - component: {fileID: 8688481851419728636}
  - component: {fileID: 4835476403044289196}
  - component: {fileID: 7783960627165784981}
  m_Layer: 0
  m_Name: Side_Accessories
  m_TagString: Untagged
  m_Icon: {fileID: 0}
  m_NavMeshLayer: 0
  m_StaticEditorFlags: 0
  m_IsActive: 1
--- !u!4 &8688481851419728636
Transform:
  m_ObjectHideFlags: 0
  m_CorrespondingSourceObject: {fileID: 0}
  m_PrefabInstance: {fileID: 0}
  m_PrefabAsset: {fileID: 0}
  m_GameObject: {fileID: 4386923043406950075}
  m_LocalRotation: {x: 0, y: -0, z: -0, w: 1}
  m_LocalPosition: {x: -0.15519834, y: 5.7696347, z: -0.12090254}
  m_LocalScale: {x: 1, y: 1, z: 1}
  m_Children: []
  m_Father: {fileID: 1332666559458940244}
  m_RootOrder: 1
  m_LocalEulerAnglesHint: {x: 0, y: 0, z: 0}
--- !u!33 &4835476403044289196
MeshFilter:
  m_ObjectHideFlags: 0
  m_CorrespondingSourceObject: {fileID: 0}
  m_PrefabInstance: {fileID: 0}
  m_PrefabAsset: {fileID: 0}
  m_GameObject: {fileID: 4386923043406950075}
  m_Mesh: {fileID: 8012582437038966111, guid: f46a6b696471c92409a77aa0a66ff2ed, type: 3}
--- !u!23 &7783960627165784981
MeshRenderer:
  m_ObjectHideFlags: 0
  m_CorrespondingSourceObject: {fileID: 0}
  m_PrefabInstance: {fileID: 0}
  m_PrefabAsset: {fileID: 0}
  m_GameObject: {fileID: 4386923043406950075}
  m_Enabled: 1
  m_CastShadows: 1
  m_ReceiveShadows: 1
  m_DynamicOccludee: 1
  m_MotionVectors: 1
  m_LightProbeUsage: 1
  m_ReflectionProbeUsage: 1
  m_RayTracingMode: 2
  m_RenderingLayerMask: 1
  m_RendererPriority: 0
  m_Materials:
  - {fileID: 2100000, guid: cfdd2ad505276dc4d8181e8203ae5fff, type: 2}
  m_StaticBatchInfo:
    firstSubMesh: 0
    subMeshCount: 0
  m_StaticBatchRoot: {fileID: 0}
  m_ProbeAnchor: {fileID: 0}
  m_LightProbeVolumeOverride: {fileID: 0}
  m_ScaleInLightmap: 1
  m_ReceiveGI: 1
  m_PreserveUVs: 0
  m_IgnoreNormalsForChartDetection: 0
  m_ImportantGI: 0
  m_StitchLightmapSeams: 1
  m_SelectedEditorRenderState: 3
  m_MinimumChartSize: 4
  m_AutoUVMaxDistance: 0.5
  m_AutoUVMaxAngle: 89
  m_LightmapParameters: {fileID: 0}
  m_SortingLayerID: 0
  m_SortingLayer: 0
  m_SortingOrder: 0
--- !u!1001 &443521287797928476
PrefabInstance:
  m_ObjectHideFlags: 0
  serializedVersion: 2
  m_Modification:
    m_TransformParent: {fileID: 1332666559458940244}
    m_Modifications:
    - target: {fileID: 5387224887630598690, guid: 58276e0fa26dd4a44ad91d99ca1adb56,
        type: 3}
      propertyPath: m_LocalPosition.x
      value: -1.3977797
      objectReference: {fileID: 0}
    - target: {fileID: 5387224887630598690, guid: 58276e0fa26dd4a44ad91d99ca1adb56,
        type: 3}
      propertyPath: m_LocalPosition.y
      value: -0.008907538
      objectReference: {fileID: 0}
    - target: {fileID: 5387224887630598690, guid: 58276e0fa26dd4a44ad91d99ca1adb56,
        type: 3}
      propertyPath: m_LocalPosition.z
      value: 3.485607
      objectReference: {fileID: 0}
    - target: {fileID: 5387224887630598690, guid: 58276e0fa26dd4a44ad91d99ca1adb56,
        type: 3}
      propertyPath: m_LocalRotation.x
      value: -0
      objectReference: {fileID: 0}
    - target: {fileID: 5387224887630598690, guid: 58276e0fa26dd4a44ad91d99ca1adb56,
        type: 3}
      propertyPath: m_LocalRotation.y
      value: -0.3891147
      objectReference: {fileID: 0}
    - target: {fileID: 5387224887630598690, guid: 58276e0fa26dd4a44ad91d99ca1adb56,
        type: 3}
      propertyPath: m_LocalRotation.z
      value: -0
      objectReference: {fileID: 0}
    - target: {fileID: 5387224887630598690, guid: 58276e0fa26dd4a44ad91d99ca1adb56,
        type: 3}
      propertyPath: m_LocalRotation.w
      value: 0.9211893
      objectReference: {fileID: 0}
    - target: {fileID: 5387224887630598690, guid: 58276e0fa26dd4a44ad91d99ca1adb56,
        type: 3}
      propertyPath: m_RootOrder
      value: 7
      objectReference: {fileID: 0}
    - target: {fileID: 5387224887630598690, guid: 58276e0fa26dd4a44ad91d99ca1adb56,
        type: 3}
      propertyPath: m_LocalEulerAnglesHint.x
      value: 0
      objectReference: {fileID: 0}
    - target: {fileID: 5387224887630598690, guid: 58276e0fa26dd4a44ad91d99ca1adb56,
        type: 3}
      propertyPath: m_LocalEulerAnglesHint.y
      value: -45.799004
      objectReference: {fileID: 0}
    - target: {fileID: 5387224887630598690, guid: 58276e0fa26dd4a44ad91d99ca1adb56,
        type: 3}
      propertyPath: m_LocalEulerAnglesHint.z
      value: 0
      objectReference: {fileID: 0}
    - target: {fileID: 5387224887630598690, guid: 58276e0fa26dd4a44ad91d99ca1adb56,
        type: 3}
      propertyPath: m_LocalScale.x
      value: 0.8624355
      objectReference: {fileID: 0}
    - target: {fileID: 5387224887630598690, guid: 58276e0fa26dd4a44ad91d99ca1adb56,
        type: 3}
      propertyPath: m_LocalScale.y
      value: 0.8624355
      objectReference: {fileID: 0}
    - target: {fileID: 5387224887630598690, guid: 58276e0fa26dd4a44ad91d99ca1adb56,
        type: 3}
      propertyPath: m_LocalScale.z
      value: 0.8624355
      objectReference: {fileID: 0}
    - target: {fileID: 8977958460122161201, guid: 58276e0fa26dd4a44ad91d99ca1adb56,
        type: 3}
      propertyPath: m_Name
      value: Bucket
      objectReference: {fileID: 0}
    m_RemovedComponents: []
  m_SourcePrefab: {fileID: 100100000, guid: 58276e0fa26dd4a44ad91d99ca1adb56, type: 3}
--- !u!4 &5540817586118811710 stripped
Transform:
  m_CorrespondingSourceObject: {fileID: 5387224887630598690, guid: 58276e0fa26dd4a44ad91d99ca1adb56,
    type: 3}
  m_PrefabInstance: {fileID: 443521287797928476}
  m_PrefabAsset: {fileID: 0}
--- !u!1001 &671626636596764426
PrefabInstance:
  m_ObjectHideFlags: 0
  serializedVersion: 2
  m_Modification:
    m_TransformParent: {fileID: 1332666559458940244}
    m_Modifications:
    - target: {fileID: 1504823119616277928, guid: 4a7fc05fc10abbb4292536fbdbb2e704,
        type: 3}
      propertyPath: m_LocalPosition.x
      value: -3.139
      objectReference: {fileID: 0}
    - target: {fileID: 1504823119616277928, guid: 4a7fc05fc10abbb4292536fbdbb2e704,
        type: 3}
      propertyPath: m_LocalPosition.y
      value: 0.087036
      objectReference: {fileID: 0}
    - target: {fileID: 1504823119616277928, guid: 4a7fc05fc10abbb4292536fbdbb2e704,
        type: 3}
      propertyPath: m_LocalPosition.z
      value: -2.607
      objectReference: {fileID: 0}
    - target: {fileID: 1504823119616277928, guid: 4a7fc05fc10abbb4292536fbdbb2e704,
        type: 3}
      propertyPath: m_LocalRotation.x
      value: -0
      objectReference: {fileID: 0}
    - target: {fileID: 1504823119616277928, guid: 4a7fc05fc10abbb4292536fbdbb2e704,
        type: 3}
      propertyPath: m_LocalRotation.y
      value: -0.93956584
      objectReference: {fileID: 0}
    - target: {fileID: 1504823119616277928, guid: 4a7fc05fc10abbb4292536fbdbb2e704,
        type: 3}
      propertyPath: m_LocalRotation.z
      value: -0
      objectReference: {fileID: 0}
    - target: {fileID: 1504823119616277928, guid: 4a7fc05fc10abbb4292536fbdbb2e704,
        type: 3}
      propertyPath: m_LocalRotation.w
      value: -0.3423683
      objectReference: {fileID: 0}
    - target: {fileID: 1504823119616277928, guid: 4a7fc05fc10abbb4292536fbdbb2e704,
        type: 3}
      propertyPath: m_RootOrder
      value: 4
      objectReference: {fileID: 0}
    - target: {fileID: 1504823119616277928, guid: 4a7fc05fc10abbb4292536fbdbb2e704,
        type: 3}
      propertyPath: m_LocalEulerAnglesHint.x
      value: 0
      objectReference: {fileID: 0}
    - target: {fileID: 1504823119616277928, guid: 4a7fc05fc10abbb4292536fbdbb2e704,
        type: 3}
      propertyPath: m_LocalEulerAnglesHint.y
      value: -220.04199
      objectReference: {fileID: 0}
    - target: {fileID: 1504823119616277928, guid: 4a7fc05fc10abbb4292536fbdbb2e704,
        type: 3}
      propertyPath: m_LocalEulerAnglesHint.z
      value: 0
      objectReference: {fileID: 0}
    - target: {fileID: 1504823119616277928, guid: 4a7fc05fc10abbb4292536fbdbb2e704,
        type: 3}
      propertyPath: m_LocalScale.x
      value: 0.6138126
      objectReference: {fileID: 0}
    - target: {fileID: 1504823119616277928, guid: 4a7fc05fc10abbb4292536fbdbb2e704,
        type: 3}
      propertyPath: m_LocalScale.y
      value: 0.6138126
      objectReference: {fileID: 0}
    - target: {fileID: 1504823119616277928, guid: 4a7fc05fc10abbb4292536fbdbb2e704,
        type: 3}
      propertyPath: m_LocalScale.z
      value: 0.6138126
      objectReference: {fileID: 0}
    - target: {fileID: 2502151461972152251, guid: 4a7fc05fc10abbb4292536fbdbb2e704,
        type: 3}
      propertyPath: m_Name
      value: Mushroomcluster (1)
      objectReference: {fileID: 0}
    m_RemovedComponents: []
  m_SourcePrefab: {fileID: 100100000, guid: 4a7fc05fc10abbb4292536fbdbb2e704, type: 3}
--- !u!4 &2139258723863863970 stripped
Transform:
  m_CorrespondingSourceObject: {fileID: 1504823119616277928, guid: 4a7fc05fc10abbb4292536fbdbb2e704,
    type: 3}
  m_PrefabInstance: {fileID: 671626636596764426}
  m_PrefabAsset: {fileID: 0}
--- !u!1001 &2397236831297751839
PrefabInstance:
  m_ObjectHideFlags: 0
  serializedVersion: 2
  m_Modification:
    m_TransformParent: {fileID: 1332666559458940244}
    m_Modifications:
    - target: {fileID: 6189296628971222571, guid: 65fc853f3336bdc4b9b4288a2318114e,
        type: 3}
      propertyPath: m_Name
      value: Palmplant
      objectReference: {fileID: 0}
    - target: {fileID: 7187628066423489592, guid: 65fc853f3336bdc4b9b4288a2318114e,
        type: 3}
      propertyPath: m_LocalPosition.x
      value: -1.575
      objectReference: {fileID: 0}
    - target: {fileID: 7187628066423489592, guid: 65fc853f3336bdc4b9b4288a2318114e,
        type: 3}
      propertyPath: m_LocalPosition.y
      value: 0
      objectReference: {fileID: 0}
    - target: {fileID: 7187628066423489592, guid: 65fc853f3336bdc4b9b4288a2318114e,
        type: 3}
      propertyPath: m_LocalPosition.z
      value: -3.648
      objectReference: {fileID: 0}
    - target: {fileID: 7187628066423489592, guid: 65fc853f3336bdc4b9b4288a2318114e,
        type: 3}
      propertyPath: m_LocalRotation.x
      value: -0
      objectReference: {fileID: 0}
    - target: {fileID: 7187628066423489592, guid: 65fc853f3336bdc4b9b4288a2318114e,
        type: 3}
      propertyPath: m_LocalRotation.y
      value: -0
      objectReference: {fileID: 0}
    - target: {fileID: 7187628066423489592, guid: 65fc853f3336bdc4b9b4288a2318114e,
        type: 3}
      propertyPath: m_LocalRotation.z
      value: -0
      objectReference: {fileID: 0}
    - target: {fileID: 7187628066423489592, guid: 65fc853f3336bdc4b9b4288a2318114e,
        type: 3}
      propertyPath: m_LocalRotation.w
      value: 1
      objectReference: {fileID: 0}
    - target: {fileID: 7187628066423489592, guid: 65fc853f3336bdc4b9b4288a2318114e,
        type: 3}
      propertyPath: m_RootOrder
      value: 5
      objectReference: {fileID: 0}
    - target: {fileID: 7187628066423489592, guid: 65fc853f3336bdc4b9b4288a2318114e,
        type: 3}
      propertyPath: m_LocalEulerAnglesHint.x
      value: 0
      objectReference: {fileID: 0}
    - target: {fileID: 7187628066423489592, guid: 65fc853f3336bdc4b9b4288a2318114e,
        type: 3}
      propertyPath: m_LocalEulerAnglesHint.y
      value: 0
      objectReference: {fileID: 0}
    - target: {fileID: 7187628066423489592, guid: 65fc853f3336bdc4b9b4288a2318114e,
        type: 3}
      propertyPath: m_LocalEulerAnglesHint.z
      value: 0
      objectReference: {fileID: 0}
    - target: {fileID: 7187628066423489592, guid: 65fc853f3336bdc4b9b4288a2318114e,
        type: 3}
      propertyPath: m_LocalScale.x
      value: 1.5425521
      objectReference: {fileID: 0}
    - target: {fileID: 7187628066423489592, guid: 65fc853f3336bdc4b9b4288a2318114e,
        type: 3}
      propertyPath: m_LocalScale.y
      value: 1.5425521
      objectReference: {fileID: 0}
    - target: {fileID: 7187628066423489592, guid: 65fc853f3336bdc4b9b4288a2318114e,
        type: 3}
      propertyPath: m_LocalScale.z
      value: 1.5425521
      objectReference: {fileID: 0}
    m_RemovedComponents: []
  m_SourcePrefab: {fileID: 100100000, guid: 65fc853f3336bdc4b9b4288a2318114e, type: 3}
--- !u!4 &4826494956882399015 stripped
Transform:
  m_CorrespondingSourceObject: {fileID: 7187628066423489592, guid: 65fc853f3336bdc4b9b4288a2318114e,
    type: 3}
  m_PrefabInstance: {fileID: 2397236831297751839}
  m_PrefabAsset: {fileID: 0}
--- !u!1001 &3275436721171608612
PrefabInstance:
  m_ObjectHideFlags: 0
  serializedVersion: 2
  m_Modification:
    m_TransformParent: {fileID: 1332666559458940244}
    m_Modifications:
    - target: {fileID: 1686459269461610570, guid: 139c9027b53093942923e36674aebdda,
        type: 3}
      propertyPath: m_LocalPosition.x
      value: 1.54
      objectReference: {fileID: 0}
    - target: {fileID: 1686459269461610570, guid: 139c9027b53093942923e36674aebdda,
        type: 3}
      propertyPath: m_LocalPosition.y
      value: 0.7417289
      objectReference: {fileID: 0}
    - target: {fileID: 1686459269461610570, guid: 139c9027b53093942923e36674aebdda,
        type: 3}
      propertyPath: m_LocalPosition.z
      value: 3.55
      objectReference: {fileID: 0}
    - target: {fileID: 1686459269461610570, guid: 139c9027b53093942923e36674aebdda,
        type: 3}
      propertyPath: m_LocalRotation.x
      value: -0
      objectReference: {fileID: 0}
    - target: {fileID: 1686459269461610570, guid: 139c9027b53093942923e36674aebdda,
        type: 3}
      propertyPath: m_LocalRotation.y
      value: -0
      objectReference: {fileID: 0}
    - target: {fileID: 1686459269461610570, guid: 139c9027b53093942923e36674aebdda,
        type: 3}
      propertyPath: m_LocalRotation.z
      value: -0
      objectReference: {fileID: 0}
    - target: {fileID: 1686459269461610570, guid: 139c9027b53093942923e36674aebdda,
        type: 3}
      propertyPath: m_LocalRotation.w
      value: 1
      objectReference: {fileID: 0}
    - target: {fileID: 1686459269461610570, guid: 139c9027b53093942923e36674aebdda,
        type: 3}
      propertyPath: m_RootOrder
      value: 3
      objectReference: {fileID: 0}
    - target: {fileID: 1686459269461610570, guid: 139c9027b53093942923e36674aebdda,
        type: 3}
      propertyPath: m_LocalEulerAnglesHint.x
      value: 0
      objectReference: {fileID: 0}
    - target: {fileID: 1686459269461610570, guid: 139c9027b53093942923e36674aebdda,
        type: 3}
      propertyPath: m_LocalEulerAnglesHint.y
      value: 0
      objectReference: {fileID: 0}
    - target: {fileID: 1686459269461610570, guid: 139c9027b53093942923e36674aebdda,
        type: 3}
      propertyPath: m_LocalEulerAnglesHint.z
      value: 0
      objectReference: {fileID: 0}
    - target: {fileID: 1686459269461610570, guid: 139c9027b53093942923e36674aebdda,
        type: 3}
      propertyPath: m_LocalScale.x
      value: 0.008624355
      objectReference: {fileID: 0}
    - target: {fileID: 1686459269461610570, guid: 139c9027b53093942923e36674aebdda,
        type: 3}
      propertyPath: m_LocalScale.y
      value: 0.008624355
      objectReference: {fileID: 0}
    - target: {fileID: 1686459269461610570, guid: 139c9027b53093942923e36674aebdda,
        type: 3}
      propertyPath: m_LocalScale.z
      value: 0.008624355
      objectReference: {fileID: 0}
    - target: {fileID: 2395026724610531929, guid: 139c9027b53093942923e36674aebdda,
        type: 3}
      propertyPath: m_Name
      value: rubbishbin
      objectReference: {fileID: 0}
    m_RemovedComponents: []
  m_SourcePrefab: {fileID: 100100000, guid: 139c9027b53093942923e36674aebdda, type: 3}
--- !u!4 &4184743030174557294 stripped
Transform:
  m_CorrespondingSourceObject: {fileID: 1686459269461610570, guid: 139c9027b53093942923e36674aebdda,
    type: 3}
  m_PrefabInstance: {fileID: 3275436721171608612}
  m_PrefabAsset: {fileID: 0}
--- !u!1001 &3443416309254351542
PrefabInstance:
  m_ObjectHideFlags: 0
  serializedVersion: 2
  m_Modification:
    m_TransformParent: {fileID: 1332666559458940244}
    m_Modifications:
    - target: {fileID: 5387224887630598690, guid: 58276e0fa26dd4a44ad91d99ca1adb56,
        type: 3}
      propertyPath: m_LocalPosition.x
      value: -2.2336423
      objectReference: {fileID: 0}
    - target: {fileID: 5387224887630598690, guid: 58276e0fa26dd4a44ad91d99ca1adb56,
        type: 3}
      propertyPath: m_LocalPosition.y
      value: 0.17
      objectReference: {fileID: 0}
    - target: {fileID: 5387224887630598690, guid: 58276e0fa26dd4a44ad91d99ca1adb56,
        type: 3}
      propertyPath: m_LocalPosition.z
      value: 3.430975
      objectReference: {fileID: 0}
    - target: {fileID: 5387224887630598690, guid: 58276e0fa26dd4a44ad91d99ca1adb56,
        type: 3}
      propertyPath: m_LocalRotation.x
      value: 0.5735346
      objectReference: {fileID: 0}
    - target: {fileID: 5387224887630598690, guid: 58276e0fa26dd4a44ad91d99ca1adb56,
        type: 3}
      propertyPath: m_LocalRotation.y
      value: 0.2094056
      objectReference: {fileID: 0}
    - target: {fileID: 5387224887630598690, guid: 58276e0fa26dd4a44ad91d99ca1adb56,
        type: 3}
      propertyPath: m_LocalRotation.z
      value: -0.30326664
      objectReference: {fileID: 0}
    - target: {fileID: 5387224887630598690, guid: 58276e0fa26dd4a44ad91d99ca1adb56,
        type: 3}
      propertyPath: m_LocalRotation.w
      value: 0.73159873
      objectReference: {fileID: 0}
    - target: {fileID: 5387224887630598690, guid: 58276e0fa26dd4a44ad91d99ca1adb56,
        type: 3}
      propertyPath: m_RootOrder
      value: 6
      objectReference: {fileID: 0}
    - target: {fileID: 5387224887630598690, guid: 58276e0fa26dd4a44ad91d99ca1adb56,
        type: 3}
      propertyPath: m_LocalEulerAnglesHint.x
      value: 75.062004
      objectReference: {fileID: 0}
    - target: {fileID: 5387224887630598690, guid: 58276e0fa26dd4a44ad91d99ca1adb56,
        type: 3}
      propertyPath: m_LocalEulerAnglesHint.y
      value: -9.257
      objectReference: {fileID: 0}
    - target: {fileID: 5387224887630598690, guid: 58276e0fa26dd4a44ad91d99ca1adb56,
        type: 3}
      propertyPath: m_LocalEulerAnglesHint.z
      value: -52.148003
      objectReference: {fileID: 0}
    - target: {fileID: 5387224887630598690, guid: 58276e0fa26dd4a44ad91d99ca1adb56,
        type: 3}
      propertyPath: m_LocalScale.x
      value: 0.8624355
      objectReference: {fileID: 0}
    - target: {fileID: 5387224887630598690, guid: 58276e0fa26dd4a44ad91d99ca1adb56,
        type: 3}
      propertyPath: m_LocalScale.y
      value: 0.8624355
      objectReference: {fileID: 0}
    - target: {fileID: 5387224887630598690, guid: 58276e0fa26dd4a44ad91d99ca1adb56,
        type: 3}
      propertyPath: m_LocalScale.z
      value: 0.8624355
      objectReference: {fileID: 0}
    - target: {fileID: 8977958460122161201, guid: 58276e0fa26dd4a44ad91d99ca1adb56,
        type: 3}
      propertyPath: m_Name
      value: Bucket (1)
      objectReference: {fileID: 0}
    m_RemovedComponents: []
  m_SourcePrefab: {fileID: 100100000, guid: 58276e0fa26dd4a44ad91d99ca1adb56, type: 3}
--- !u!4 &7280698395805218964 stripped
Transform:
  m_CorrespondingSourceObject: {fileID: 5387224887630598690, guid: 58276e0fa26dd4a44ad91d99ca1adb56,
    type: 3}
  m_PrefabInstance: {fileID: 3443416309254351542}
  m_PrefabAsset: {fileID: 0}
--- !u!1001 &5164046654513453325
PrefabInstance:
  m_ObjectHideFlags: 0
  serializedVersion: 2
  m_Modification:
    m_TransformParent: {fileID: 1332666559458940244}
    m_Modifications:
    - target: {fileID: 3249034932720245490, guid: 5643f66b616a6d845b71db6df80cd335,
        type: 3}
      propertyPath: m_LocalPosition.x
      value: -1.649
      objectReference: {fileID: 0}
    - target: {fileID: 3249034932720245490, guid: 5643f66b616a6d845b71db6df80cd335,
        type: 3}
      propertyPath: m_LocalPosition.y
      value: -0.324
      objectReference: {fileID: 0}
    - target: {fileID: 3249034932720245490, guid: 5643f66b616a6d845b71db6df80cd335,
        type: 3}
      propertyPath: m_LocalPosition.z
      value: 0.554
      objectReference: {fileID: 0}
    - target: {fileID: 3249034932720245490, guid: 5643f66b616a6d845b71db6df80cd335,
        type: 3}
      propertyPath: m_LocalRotation.x
      value: -0
      objectReference: {fileID: 0}
    - target: {fileID: 3249034932720245490, guid: 5643f66b616a6d845b71db6df80cd335,
        type: 3}
      propertyPath: m_LocalRotation.y
      value: -0.5822965
      objectReference: {fileID: 0}
    - target: {fileID: 3249034932720245490, guid: 5643f66b616a6d845b71db6df80cd335,
        type: 3}
      propertyPath: m_LocalRotation.z
      value: -0
      objectReference: {fileID: 0}
    - target: {fileID: 3249034932720245490, guid: 5643f66b616a6d845b71db6df80cd335,
        type: 3}
      propertyPath: m_LocalRotation.w
      value: 0.81297654
      objectReference: {fileID: 0}
    - target: {fileID: 3249034932720245490, guid: 5643f66b616a6d845b71db6df80cd335,
        type: 3}
      propertyPath: m_RootOrder
      value: 8
      objectReference: {fileID: 0}
    - target: {fileID: 3249034932720245490, guid: 5643f66b616a6d845b71db6df80cd335,
        type: 3}
      propertyPath: m_LocalEulerAnglesHint.x
      value: 0
      objectReference: {fileID: 0}
    - target: {fileID: 3249034932720245490, guid: 5643f66b616a6d845b71db6df80cd335,
        type: 3}
      propertyPath: m_LocalEulerAnglesHint.y
      value: -71.22401
      objectReference: {fileID: 0}
    - target: {fileID: 3249034932720245490, guid: 5643f66b616a6d845b71db6df80cd335,
        type: 3}
      propertyPath: m_LocalEulerAnglesHint.z
      value: 0
      objectReference: {fileID: 0}
    - target: {fileID: 3249034932720245490, guid: 5643f66b616a6d845b71db6df80cd335,
        type: 3}
      propertyPath: m_LocalScale.x
      value: 0.8624355
      objectReference: {fileID: 0}
    - target: {fileID: 3249034932720245490, guid: 5643f66b616a6d845b71db6df80cd335,
        type: 3}
      propertyPath: m_LocalScale.y
      value: 0.8624355
      objectReference: {fileID: 0}
    - target: {fileID: 3249034932720245490, guid: 5643f66b616a6d845b71db6df80cd335,
        type: 3}
      propertyPath: m_LocalScale.z
      value: 0.8624355
      objectReference: {fileID: 0}
    - target: {fileID: 7545236791749443766, guid: 5643f66b616a6d845b71db6df80cd335,
        type: 3}
      propertyPath: m_Name
      value: rock1_pCube2
      objectReference: {fileID: 0}
    m_RemovedComponents: []
  m_SourcePrefab: {fileID: 100100000, guid: 5643f66b616a6d845b71db6df80cd335, type: 3}
--- !u!4 &7691168622411088895 stripped
Transform:
  m_CorrespondingSourceObject: {fileID: 3249034932720245490, guid: 5643f66b616a6d845b71db6df80cd335,
    type: 3}
  m_PrefabInstance: {fileID: 5164046654513453325}
  m_PrefabAsset: {fileID: 0}
--- !u!1001 &8610586751745296369
PrefabInstance:
  m_ObjectHideFlags: 0
  serializedVersion: 2
  m_Modification:
    m_TransformParent: {fileID: 1332666559458940244}
    m_Modifications:
    - target: {fileID: 1504823119616277928, guid: 4a7fc05fc10abbb4292536fbdbb2e704,
        type: 3}
      propertyPath: m_LocalPosition.x
      value: -2.7532814
      objectReference: {fileID: 0}
    - target: {fileID: 1504823119616277928, guid: 4a7fc05fc10abbb4292536fbdbb2e704,
        type: 3}
      propertyPath: m_LocalPosition.y
      value: 0.0071278913
      objectReference: {fileID: 0}
    - target: {fileID: 1504823119616277928, guid: 4a7fc05fc10abbb4292536fbdbb2e704,
        type: 3}
      propertyPath: m_LocalPosition.z
      value: -2.6816483
      objectReference: {fileID: 0}
    - target: {fileID: 1504823119616277928, guid: 4a7fc05fc10abbb4292536fbdbb2e704,
        type: 3}
      propertyPath: m_LocalRotation.x
      value: -0
      objectReference: {fileID: 0}
    - target: {fileID: 1504823119616277928, guid: 4a7fc05fc10abbb4292536fbdbb2e704,
        type: 3}
      propertyPath: m_LocalRotation.y
      value: -0.92209554
      objectReference: {fileID: 0}
    - target: {fileID: 1504823119616277928, guid: 4a7fc05fc10abbb4292536fbdbb2e704,
        type: 3}
      propertyPath: m_LocalRotation.z
      value: -0
      objectReference: {fileID: 0}
    - target: {fileID: 1504823119616277928, guid: 4a7fc05fc10abbb4292536fbdbb2e704,
        type: 3}
      propertyPath: m_LocalRotation.w
      value: 0.38696232
      objectReference: {fileID: 0}
    - target: {fileID: 1504823119616277928, guid: 4a7fc05fc10abbb4292536fbdbb2e704,
        type: 3}
      propertyPath: m_RootOrder
      value: 2
      objectReference: {fileID: 0}
    - target: {fileID: 1504823119616277928, guid: 4a7fc05fc10abbb4292536fbdbb2e704,
        type: 3}
      propertyPath: m_LocalEulerAnglesHint.x
      value: 0
      objectReference: {fileID: 0}
    - target: {fileID: 1504823119616277928, guid: 4a7fc05fc10abbb4292536fbdbb2e704,
        type: 3}
      propertyPath: m_LocalEulerAnglesHint.y
      value: -134.46901
      objectReference: {fileID: 0}
    - target: {fileID: 1504823119616277928, guid: 4a7fc05fc10abbb4292536fbdbb2e704,
        type: 3}
      propertyPath: m_LocalEulerAnglesHint.z
      value: 0
      objectReference: {fileID: 0}
    - target: {fileID: 1504823119616277928, guid: 4a7fc05fc10abbb4292536fbdbb2e704,
        type: 3}
      propertyPath: m_LocalScale.x
      value: 0.8624355
      objectReference: {fileID: 0}
    - target: {fileID: 1504823119616277928, guid: 4a7fc05fc10abbb4292536fbdbb2e704,
        type: 3}
      propertyPath: m_LocalScale.y
      value: 0.8624355
      objectReference: {fileID: 0}
    - target: {fileID: 1504823119616277928, guid: 4a7fc05fc10abbb4292536fbdbb2e704,
        type: 3}
      propertyPath: m_LocalScale.z
      value: 0.8624355
      objectReference: {fileID: 0}
    - target: {fileID: 2502151461972152251, guid: 4a7fc05fc10abbb4292536fbdbb2e704,
        type: 3}
      propertyPath: m_Name
      value: Mushroomcluster
      objectReference: {fileID: 0}
    m_RemovedComponents: []
  m_SourcePrefab: {fileID: 100100000, guid: 4a7fc05fc10abbb4292536fbdbb2e704, type: 3}
--- !u!4 &7177831396733581913 stripped
Transform:
  m_CorrespondingSourceObject: {fileID: 1504823119616277928, guid: 4a7fc05fc10abbb4292536fbdbb2e704,
    type: 3}
  m_PrefabInstance: {fileID: 8610586751745296369}
  m_PrefabAsset: {fileID: 0}
