%YAML 1.1
%TAG !u! tag:unity3d.com,2011:
--- !u!1 &2283814516359532789
GameObject:
  m_ObjectHideFlags: 0
  m_CorrespondingSourceObject: {fileID: 0}
  m_PrefabInstance: {fileID: 0}
  m_PrefabAsset: {fileID: 0}
  serializedVersion: 6
  m_Component:
  - component: {fileID: 6567710161533220684}
  - component: {fileID: 3432672995911502558}
  - component: {fileID: 7294371638175189223}
  - component: {fileID: 2658358904291342958}
  m_Layer: 0
  m_Name: Plane
  m_TagString: Untagged
  m_Icon: {fileID: 0}
  m_NavMeshLayer: 0
  m_StaticEditorFlags: 0
  m_IsActive: 0
--- !u!4 &6567710161533220684
Transform:
  m_ObjectHideFlags: 0
  m_CorrespondingSourceObject: {fileID: 0}
  m_PrefabInstance: {fileID: 0}
  m_PrefabAsset: {fileID: 0}
  m_GameObject: {fileID: 2283814516359532789}
  m_LocalRotation: {x: -0, y: 0.9197681, z: -0, w: -0.39246222}
  m_LocalPosition: {x: 0, y: 0, z: 0}
  m_LocalScale: {x: 2, y: 2, z: 2}
  m_Children: []
  m_Father: {fileID: 2198302025245626804}
  m_RootOrder: 2
  m_LocalEulerAnglesHint: {x: 0, y: 0, z: 0}
--- !u!33 &3432672995911502558
MeshFilter:
  m_ObjectHideFlags: 0
  m_CorrespondingSourceObject: {fileID: 0}
  m_PrefabInstance: {fileID: 0}
  m_PrefabAsset: {fileID: 0}
  m_GameObject: {fileID: 2283814516359532789}
  m_Mesh: {fileID: 10209, guid: 0000000000000000e000000000000000, type: 0}
--- !u!23 &7294371638175189223
MeshRenderer:
  m_ObjectHideFlags: 0
  m_CorrespondingSourceObject: {fileID: 0}
  m_PrefabInstance: {fileID: 0}
  m_PrefabAsset: {fileID: 0}
  m_GameObject: {fileID: 2283814516359532789}
  m_Enabled: 1
  m_CastShadows: 1
  m_ReceiveShadows: 1
  m_DynamicOccludee: 1
  m_MotionVectors: 1
  m_LightProbeUsage: 1
  m_ReflectionProbeUsage: 1
  m_RayTracingMode: 2
  m_RenderingLayerMask: 1
  m_RendererPriority: 0
  m_Materials:
  - {fileID: 10303, guid: 0000000000000000f000000000000000, type: 0}
  m_StaticBatchInfo:
    firstSubMesh: 0
    subMeshCount: 0
  m_StaticBatchRoot: {fileID: 0}
  m_ProbeAnchor: {fileID: 0}
  m_LightProbeVolumeOverride: {fileID: 0}
  m_ScaleInLightmap: 1
  m_ReceiveGI: 1
  m_PreserveUVs: 0
  m_IgnoreNormalsForChartDetection: 0
  m_ImportantGI: 0
  m_StitchLightmapSeams: 1
  m_SelectedEditorRenderState: 3
  m_MinimumChartSize: 4
  m_AutoUVMaxDistance: 0.5
  m_AutoUVMaxAngle: 89
  m_LightmapParameters: {fileID: 0}
  m_SortingLayerID: 0
  m_SortingLayer: 0
  m_SortingOrder: 0
--- !u!64 &2658358904291342958
MeshCollider:
  m_ObjectHideFlags: 0
  m_CorrespondingSourceObject: {fileID: 0}
  m_PrefabInstance: {fileID: 0}
  m_PrefabAsset: {fileID: 0}
  m_GameObject: {fileID: 2283814516359532789}
  m_Material: {fileID: 0}
  m_IsTrigger: 0
  m_Enabled: 1
  serializedVersion: 4
  m_Convex: 0
  m_CookingOptions: 30
  m_Mesh: {fileID: 10209, guid: 0000000000000000e000000000000000, type: 0}
--- !u!1 &2326014648843607550
GameObject:
  m_ObjectHideFlags: 0
  m_CorrespondingSourceObject: {fileID: 0}
  m_PrefabInstance: {fileID: 0}
  m_PrefabAsset: {fileID: 0}
  serializedVersion: 6
  m_Component:
  - component: {fileID: 8201395902680563570}
  - component: {fileID: 1850355002115834091}
  - component: {fileID: 2690798455317907016}
  - component: {fileID: 6779490017233954259}
  m_Layer: 0
  m_Name: Beams
  m_TagString: Untagged
  m_Icon: {fileID: 0}
  m_NavMeshLayer: 0
  m_StaticEditorFlags: 0
  m_IsActive: 1
--- !u!4 &8201395902680563570
Transform:
  m_ObjectHideFlags: 0
  m_CorrespondingSourceObject: {fileID: 0}
  m_PrefabInstance: {fileID: 0}
  m_PrefabAsset: {fileID: 0}
  m_GameObject: {fileID: 2326014648843607550}
  m_LocalRotation: {x: 0, y: -0, z: -0, w: 1}
  m_LocalPosition: {x: 0.15512061, y: 5.825836, z: -0.02606821}
  m_LocalScale: {x: 1, y: 1, z: 1}
  m_Children: []
  m_Father: {fileID: 2198302025245626804}
  m_RootOrder: 0
  m_LocalEulerAnglesHint: {x: 0, y: 0, z: 0}
--- !u!33 &1850355002115834091
MeshFilter:
  m_ObjectHideFlags: 0
  m_CorrespondingSourceObject: {fileID: 0}
  m_PrefabInstance: {fileID: 0}
  m_PrefabAsset: {fileID: 0}
  m_GameObject: {fileID: 2326014648843607550}
  m_Mesh: {fileID: 4608049204969499509, guid: 5135f718cb08d7e47bd46a971a4b1af7, type: 3}
--- !u!23 &2690798455317907016
MeshRenderer:
  m_ObjectHideFlags: 0
  m_CorrespondingSourceObject: {fileID: 0}
  m_PrefabInstance: {fileID: 0}
  m_PrefabAsset: {fileID: 0}
  m_GameObject: {fileID: 2326014648843607550}
  m_Enabled: 1
  m_CastShadows: 1
  m_ReceiveShadows: 1
  m_DynamicOccludee: 1
  m_MotionVectors: 1
  m_LightProbeUsage: 1
  m_ReflectionProbeUsage: 1
  m_RayTracingMode: 2
  m_RenderingLayerMask: 1
  m_RendererPriority: 0
  m_Materials:
  - {fileID: 2100000, guid: 36034e78aa095a747a5afb0ddab79296, type: 2}
  m_StaticBatchInfo:
    firstSubMesh: 0
    subMeshCount: 0
  m_StaticBatchRoot: {fileID: 0}
  m_ProbeAnchor: {fileID: 0}
  m_LightProbeVolumeOverride: {fileID: 0}
  m_ScaleInLightmap: 1
  m_ReceiveGI: 1
  m_PreserveUVs: 0
  m_IgnoreNormalsForChartDetection: 0
  m_ImportantGI: 0
  m_StitchLightmapSeams: 1
  m_SelectedEditorRenderState: 3
  m_MinimumChartSize: 4
  m_AutoUVMaxDistance: 0.5
  m_AutoUVMaxAngle: 89
  m_LightmapParameters: {fileID: 0}
  m_SortingLayerID: 0
  m_SortingLayer: 0
  m_SortingOrder: 0
--- !u!64 &6779490017233954259
MeshCollider:
  m_ObjectHideFlags: 0
  m_CorrespondingSourceObject: {fileID: 0}
  m_PrefabInstance: {fileID: 0}
  m_PrefabAsset: {fileID: 0}
  m_GameObject: {fileID: 2326014648843607550}
  m_Material: {fileID: 0}
  m_IsTrigger: 0
  m_Enabled: 1
  serializedVersion: 4
  m_Convex: 0
  m_CookingOptions: 30
  m_Mesh: {fileID: 4608049204969499509, guid: 5135f718cb08d7e47bd46a971a4b1af7, type: 3}
--- !u!1 &2943852032632513447
GameObject:
  m_ObjectHideFlags: 0
  m_CorrespondingSourceObject: {fileID: 0}
  m_PrefabInstance: {fileID: 0}
  m_PrefabAsset: {fileID: 0}
  serializedVersion: 6
  m_Component:
  - component: {fileID: 2198302025245626804}
  m_Layer: 0
  m_Name: TallhouseBlue
  m_TagString: Untagged
  m_Icon: {fileID: 0}
  m_NavMeshLayer: 0
  m_StaticEditorFlags: 0
  m_IsActive: 1
--- !u!4 &2198302025245626804
Transform:
  m_ObjectHideFlags: 0
  m_CorrespondingSourceObject: {fileID: 0}
  m_PrefabInstance: {fileID: 0}
  m_PrefabAsset: {fileID: 0}
  m_GameObject: {fileID: 2943852032632513447}
  m_LocalRotation: {x: -0, y: -0.9197681, z: -0, w: -0.39246222}
  m_LocalPosition: {x: 0, y: 0, z: 0}
  m_LocalScale: {x: 1, y: 1, z: 1}
  m_Children:
  - {fileID: 8201395902680563570}
  - {fileID: 1381444925369776605}
  - {fileID: 6567710161533220684}
  - {fileID: 2856503769946500931}
  - {fileID: 830420725311681460}
  - {fileID: 6327002437392299713}
  - {fileID: 8247249611886052102}
  - {fileID: 3865401363812355794}
  - {fileID: 8454048922876689104}
  - {fileID: 3142016988166029475}
  - {fileID: 2294237496022133115}
  - {fileID: 1349736141209640143}
  - {fileID: 1944111120772411021}
  - {fileID: 1565626205089739788}
  - {fileID: 1760994000542434984}
  - {fileID: 3289493560771419188}
  - {fileID: 581194590929811757}
  - {fileID: 4445146533297991116}
  - {fileID: 734362160684420082}
  - {fileID: 5675285716839867692}
  - {fileID: 6327686189065774950}
  m_Father: {fileID: 0}
  m_RootOrder: 0
  m_LocalEulerAnglesHint: {x: 0, y: -226.21599, z: 0}
--- !u!1 &3287542817471721633
GameObject:
  m_ObjectHideFlags: 0
  m_CorrespondingSourceObject: {fileID: 0}
  m_PrefabInstance: {fileID: 0}
  m_PrefabAsset: {fileID: 0}
  serializedVersion: 6
  m_Component:
  - component: {fileID: 1381444925369776605}
  - component: {fileID: 8456830520036186232}
  - component: {fileID: 6993430577834507802}
  - component: {fileID: 529162407980324223}
  m_Layer: 0
  m_Name: MainBody
  m_TagString: Untagged
  m_Icon: {fileID: 0}
  m_NavMeshLayer: 0
  m_StaticEditorFlags: 0
  m_IsActive: 1
--- !u!4 &1381444925369776605
Transform:
  m_ObjectHideFlags: 0
  m_CorrespondingSourceObject: {fileID: 0}
  m_PrefabInstance: {fileID: 0}
  m_PrefabAsset: {fileID: 0}
  m_GameObject: {fileID: 3287542817471721633}
  m_LocalRotation: {x: 0, y: -0, z: -0, w: 1}
  m_LocalPosition: {x: -0.6087897, y: 6.6108027, z: 0.070388556}
  m_LocalScale: {x: 1, y: 1, z: 1}
  m_Children: []
  m_Father: {fileID: 2198302025245626804}
  m_RootOrder: 1
  m_LocalEulerAnglesHint: {x: 0, y: 0, z: 0}
--- !u!33 &8456830520036186232
MeshFilter:
  m_ObjectHideFlags: 0
  m_CorrespondingSourceObject: {fileID: 0}
  m_PrefabInstance: {fileID: 0}
  m_PrefabAsset: {fileID: 0}
  m_GameObject: {fileID: 3287542817471721633}
  m_Mesh: {fileID: 1901984940588351134, guid: 5135f718cb08d7e47bd46a971a4b1af7, type: 3}
--- !u!23 &6993430577834507802
MeshRenderer:
  m_ObjectHideFlags: 0
  m_CorrespondingSourceObject: {fileID: 0}
  m_PrefabInstance: {fileID: 0}
  m_PrefabAsset: {fileID: 0}
  m_GameObject: {fileID: 3287542817471721633}
  m_Enabled: 1
  m_CastShadows: 1
  m_ReceiveShadows: 1
  m_DynamicOccludee: 1
  m_MotionVectors: 1
  m_LightProbeUsage: 1
  m_ReflectionProbeUsage: 1
  m_RayTracingMode: 2
  m_RenderingLayerMask: 1
  m_RendererPriority: 0
  m_Materials:
  - {fileID: 2100000, guid: 4bcbc9a17f75cf2488a706cfdf1a07f8, type: 2}
  m_StaticBatchInfo:
    firstSubMesh: 0
    subMeshCount: 0
  m_StaticBatchRoot: {fileID: 0}
  m_ProbeAnchor: {fileID: 0}
  m_LightProbeVolumeOverride: {fileID: 0}
  m_ScaleInLightmap: 1
  m_ReceiveGI: 1
  m_PreserveUVs: 0
  m_IgnoreNormalsForChartDetection: 0
  m_ImportantGI: 0
  m_StitchLightmapSeams: 1
  m_SelectedEditorRenderState: 3
  m_MinimumChartSize: 4
  m_AutoUVMaxDistance: 0.5
  m_AutoUVMaxAngle: 89
  m_LightmapParameters: {fileID: 0}
  m_SortingLayerID: 0
  m_SortingLayer: 0
  m_SortingOrder: 0
--- !u!64 &529162407980324223
MeshCollider:
  m_ObjectHideFlags: 0
  m_CorrespondingSourceObject: {fileID: 0}
  m_PrefabInstance: {fileID: 0}
  m_PrefabAsset: {fileID: 0}
  m_GameObject: {fileID: 3287542817471721633}
  m_Material: {fileID: 0}
  m_IsTrigger: 0
  m_Enabled: 1
  serializedVersion: 4
  m_Convex: 0
  m_CookingOptions: 30
  m_Mesh: {fileID: 1901984940588351134, guid: 5135f718cb08d7e47bd46a971a4b1af7, type: 3}
--- !u!1001 &823436956168196123
PrefabInstance:
  m_ObjectHideFlags: 0
  serializedVersion: 2
  m_Modification:
    m_TransformParent: {fileID: 2198302025245626804}
    m_Modifications:
    - target: {fileID: 1377293594552473267, guid: 96ea7d482ef5d954997fcbb1c94117d6,
        type: 3}
      propertyPath: m_LocalPosition.x
      value: -1.3487349
      objectReference: {fileID: 0}
    - target: {fileID: 1377293594552473267, guid: 96ea7d482ef5d954997fcbb1c94117d6,
        type: 3}
      propertyPath: m_LocalPosition.y
      value: 0.375
      objectReference: {fileID: 0}
    - target: {fileID: 1377293594552473267, guid: 96ea7d482ef5d954997fcbb1c94117d6,
        type: 3}
      propertyPath: m_LocalPosition.z
      value: 2.822985
      objectReference: {fileID: 0}
    - target: {fileID: 1377293594552473267, guid: 96ea7d482ef5d954997fcbb1c94117d6,
        type: 3}
      propertyPath: m_LocalRotation.x
      value: -0
      objectReference: {fileID: 0}
    - target: {fileID: 1377293594552473267, guid: 96ea7d482ef5d954997fcbb1c94117d6,
        type: 3}
      propertyPath: m_LocalRotation.y
      value: 0.9197681
      objectReference: {fileID: 0}
    - target: {fileID: 1377293594552473267, guid: 96ea7d482ef5d954997fcbb1c94117d6,
        type: 3}
      propertyPath: m_LocalRotation.z
      value: -0
      objectReference: {fileID: 0}
    - target: {fileID: 1377293594552473267, guid: 96ea7d482ef5d954997fcbb1c94117d6,
        type: 3}
      propertyPath: m_LocalRotation.w
      value: -0.39246222
      objectReference: {fileID: 0}
    - target: {fileID: 1377293594552473267, guid: 96ea7d482ef5d954997fcbb1c94117d6,
        type: 3}
      propertyPath: m_RootOrder
      value: 14
      objectReference: {fileID: 0}
    - target: {fileID: 1377293594552473267, guid: 96ea7d482ef5d954997fcbb1c94117d6,
        type: 3}
      propertyPath: m_LocalEulerAnglesHint.x
      value: 0
      objectReference: {fileID: 0}
    - target: {fileID: 1377293594552473267, guid: 96ea7d482ef5d954997fcbb1c94117d6,
        type: 3}
      propertyPath: m_LocalEulerAnglesHint.y
      value: 0
      objectReference: {fileID: 0}
    - target: {fileID: 1377293594552473267, guid: 96ea7d482ef5d954997fcbb1c94117d6,
        type: 3}
      propertyPath: m_LocalEulerAnglesHint.z
      value: 0
      objectReference: {fileID: 0}
    - target: {fileID: 1377293594552473267, guid: 96ea7d482ef5d954997fcbb1c94117d6,
        type: 3}
      propertyPath: m_LocalScale.x
      value: 1.0000002
      objectReference: {fileID: 0}
    - target: {fileID: 1377293594552473267, guid: 96ea7d482ef5d954997fcbb1c94117d6,
        type: 3}
      propertyPath: m_LocalScale.z
      value: 1.0000002
      objectReference: {fileID: 0}
    - target: {fileID: 2685967143877371040, guid: 96ea7d482ef5d954997fcbb1c94117d6,
        type: 3}
      propertyPath: m_Name
      value: Jar3
      objectReference: {fileID: 0}
    m_RemovedComponents: []
  m_SourcePrefab: {fileID: 100100000, guid: 96ea7d482ef5d954997fcbb1c94117d6, type: 3}
--- !u!4 &1760994000542434984 stripped
Transform:
  m_CorrespondingSourceObject: {fileID: 1377293594552473267, guid: 96ea7d482ef5d954997fcbb1c94117d6,
    type: 3}
  m_PrefabInstance: {fileID: 823436956168196123}
  m_PrefabAsset: {fileID: 0}
--- !u!1001 &1652052578656747240
PrefabInstance:
  m_ObjectHideFlags: 0
  serializedVersion: 2
  m_Modification:
    m_TransformParent: {fileID: 2198302025245626804}
    m_Modifications:
    - target: {fileID: 6189296628971222571, guid: 65fc853f3336bdc4b9b4288a2318114e,
        type: 3}
      propertyPath: m_Name
      value: Palmplant
      objectReference: {fileID: 0}
    - target: {fileID: 7187628066423489592, guid: 65fc853f3336bdc4b9b4288a2318114e,
        type: 3}
      propertyPath: m_LocalPosition.x
      value: -4.236577
      objectReference: {fileID: 0}
    - target: {fileID: 7187628066423489592, guid: 65fc853f3336bdc4b9b4288a2318114e,
        type: 3}
      propertyPath: m_LocalPosition.y
      value: -3.89657e-17
      objectReference: {fileID: 0}
    - target: {fileID: 7187628066423489592, guid: 65fc853f3336bdc4b9b4288a2318114e,
        type: 3}
      propertyPath: m_LocalPosition.z
      value: 1.8841503
      objectReference: {fileID: 0}
    - target: {fileID: 7187628066423489592, guid: 65fc853f3336bdc4b9b4288a2318114e,
        type: 3}
      propertyPath: m_LocalRotation.x
      value: -0
      objectReference: {fileID: 0}
    - target: {fileID: 7187628066423489592, guid: 65fc853f3336bdc4b9b4288a2318114e,
        type: 3}
      propertyPath: m_LocalRotation.y
      value: 0.85131514
      objectReference: {fileID: 0}
    - target: {fileID: 7187628066423489592, guid: 65fc853f3336bdc4b9b4288a2318114e,
        type: 3}
      propertyPath: m_LocalRotation.z
      value: 0
      objectReference: {fileID: 0}
    - target: {fileID: 7187628066423489592, guid: 65fc853f3336bdc4b9b4288a2318114e,
        type: 3}
      propertyPath: m_LocalRotation.w
      value: -0.5246548
      objectReference: {fileID: 0}
    - target: {fileID: 7187628066423489592, guid: 65fc853f3336bdc4b9b4288a2318114e,
        type: 3}
      propertyPath: m_RootOrder
      value: 8
      objectReference: {fileID: 0}
    - target: {fileID: 7187628066423489592, guid: 65fc853f3336bdc4b9b4288a2318114e,
        type: 3}
      propertyPath: m_LocalEulerAnglesHint.x
      value: 0
      objectReference: {fileID: 0}
    - target: {fileID: 7187628066423489592, guid: 65fc853f3336bdc4b9b4288a2318114e,
        type: 3}
      propertyPath: m_LocalEulerAnglesHint.y
      value: -116.71001
      objectReference: {fileID: 0}
    - target: {fileID: 7187628066423489592, guid: 65fc853f3336bdc4b9b4288a2318114e,
        type: 3}
      propertyPath: m_LocalEulerAnglesHint.z
      value: 0
      objectReference: {fileID: 0}
    - target: {fileID: 7187628066423489592, guid: 65fc853f3336bdc4b9b4288a2318114e,
        type: 3}
      propertyPath: m_LocalScale.x
      value: 1.0000002
      objectReference: {fileID: 0}
    - target: {fileID: 7187628066423489592, guid: 65fc853f3336bdc4b9b4288a2318114e,
        type: 3}
      propertyPath: m_LocalScale.z
      value: 1.0000002
      objectReference: {fileID: 0}
    m_RemovedComponents: []
  m_SourcePrefab: {fileID: 100100000, guid: 65fc853f3336bdc4b9b4288a2318114e, type: 3}
--- !u!4 &8454048922876689104 stripped
Transform:
  m_CorrespondingSourceObject: {fileID: 7187628066423489592, guid: 65fc853f3336bdc4b9b4288a2318114e,
    type: 3}
  m_PrefabInstance: {fileID: 1652052578656747240}
  m_PrefabAsset: {fileID: 0}
--- !u!1001 &2081154487233258494
PrefabInstance:
  m_ObjectHideFlags: 0
  serializedVersion: 2
  m_Modification:
    m_TransformParent: {fileID: 2198302025245626804}
    m_Modifications:
    - target: {fileID: 1686459269461610570, guid: 139c9027b53093942923e36674aebdda,
        type: 3}
      propertyPath: m_LocalPosition.x
      value: -2.58
      objectReference: {fileID: 0}
    - target: {fileID: 1686459269461610570, guid: 139c9027b53093942923e36674aebdda,
        type: 3}
      propertyPath: m_LocalPosition.y
      value: 0.81
      objectReference: {fileID: 0}
    - target: {fileID: 1686459269461610570, guid: 139c9027b53093942923e36674aebdda,
        type: 3}
      propertyPath: m_LocalPosition.z
      value: -3.165
      objectReference: {fileID: 0}
    - target: {fileID: 1686459269461610570, guid: 139c9027b53093942923e36674aebdda,
        type: 3}
      propertyPath: m_LocalRotation.x
      value: -0
      objectReference: {fileID: 0}
    - target: {fileID: 1686459269461610570, guid: 139c9027b53093942923e36674aebdda,
        type: 3}
      propertyPath: m_LocalRotation.y
      value: 0.95164895
      objectReference: {fileID: 0}
    - target: {fileID: 1686459269461610570, guid: 139c9027b53093942923e36674aebdda,
        type: 3}
      propertyPath: m_LocalRotation.z
      value: -0
      objectReference: {fileID: 0}
    - target: {fileID: 1686459269461610570, guid: 139c9027b53093942923e36674aebdda,
        type: 3}
      propertyPath: m_LocalRotation.w
      value: -0.30718768
      objectReference: {fileID: 0}
    - target: {fileID: 1686459269461610570, guid: 139c9027b53093942923e36674aebdda,
        type: 3}
      propertyPath: m_RootOrder
      value: 4
      objectReference: {fileID: 0}
    - target: {fileID: 1686459269461610570, guid: 139c9027b53093942923e36674aebdda,
        type: 3}
      propertyPath: m_LocalEulerAnglesHint.x
      value: 0
      objectReference: {fileID: 0}
    - target: {fileID: 1686459269461610570, guid: 139c9027b53093942923e36674aebdda,
        type: 3}
      propertyPath: m_LocalEulerAnglesHint.y
      value: -144.22
      objectReference: {fileID: 0}
    - target: {fileID: 1686459269461610570, guid: 139c9027b53093942923e36674aebdda,
        type: 3}
      propertyPath: m_LocalEulerAnglesHint.z
      value: 0
      objectReference: {fileID: 0}
    - target: {fileID: 1686459269461610570, guid: 139c9027b53093942923e36674aebdda,
        type: 3}
      propertyPath: m_LocalScale.x
      value: 0.010000003
      objectReference: {fileID: 0}
    - target: {fileID: 1686459269461610570, guid: 139c9027b53093942923e36674aebdda,
        type: 3}
      propertyPath: m_LocalScale.z
      value: 0.010000003
      objectReference: {fileID: 0}
    - target: {fileID: 2395026724610531929, guid: 139c9027b53093942923e36674aebdda,
        type: 3}
      propertyPath: m_Name
      value: rubbishbin (1)
      objectReference: {fileID: 0}
    m_RemovedComponents: []
  m_SourcePrefab: {fileID: 100100000, guid: 139c9027b53093942923e36674aebdda, type: 3}
--- !u!4 &830420725311681460 stripped
Transform:
  m_CorrespondingSourceObject: {fileID: 1686459269461610570, guid: 139c9027b53093942923e36674aebdda,
    type: 3}
  m_PrefabInstance: {fileID: 2081154487233258494}
  m_PrefabAsset: {fileID: 0}
--- !u!1001 &2093403412632823011
PrefabInstance:
  m_ObjectHideFlags: 0
  serializedVersion: 2
  m_Modification:
    m_TransformParent: {fileID: 2198302025245626804}
    m_Modifications:
    - target: {fileID: 5387224887630598690, guid: 58276e0fa26dd4a44ad91d99ca1adb56,
        type: 3}
      propertyPath: m_LocalPosition.x
      value: -1.7584041
      objectReference: {fileID: 0}
    - target: {fileID: 5387224887630598690, guid: 58276e0fa26dd4a44ad91d99ca1adb56,
        type: 3}
      propertyPath: m_LocalPosition.y
      value: -7.8677244e-17
      objectReference: {fileID: 0}
    - target: {fileID: 5387224887630598690, guid: 58276e0fa26dd4a44ad91d99ca1adb56,
        type: 3}
      propertyPath: m_LocalPosition.z
      value: -3.2861342
      objectReference: {fileID: 0}
    - target: {fileID: 5387224887630598690, guid: 58276e0fa26dd4a44ad91d99ca1adb56,
        type: 3}
      propertyPath: m_LocalRotation.x
      value: -0
      objectReference: {fileID: 0}
    - target: {fileID: 5387224887630598690, guid: 58276e0fa26dd4a44ad91d99ca1adb56,
        type: 3}
      propertyPath: m_LocalRotation.y
      value: 0.88625085
      objectReference: {fileID: 0}
    - target: {fileID: 5387224887630598690, guid: 58276e0fa26dd4a44ad91d99ca1adb56,
        type: 3}
      propertyPath: m_LocalRotation.z
      value: 0
      objectReference: {fileID: 0}
    - target: {fileID: 5387224887630598690, guid: 58276e0fa26dd4a44ad91d99ca1adb56,
        type: 3}
      propertyPath: m_LocalRotation.w
      value: -0.4632056
      objectReference: {fileID: 0}
    - target: {fileID: 5387224887630598690, guid: 58276e0fa26dd4a44ad91d99ca1adb56,
        type: 3}
      propertyPath: m_RootOrder
      value: 5
      objectReference: {fileID: 0}
    - target: {fileID: 5387224887630598690, guid: 58276e0fa26dd4a44ad91d99ca1adb56,
        type: 3}
      propertyPath: m_LocalEulerAnglesHint.x
      value: 0
      objectReference: {fileID: 0}
    - target: {fileID: 5387224887630598690, guid: 58276e0fa26dd4a44ad91d99ca1adb56,
        type: 3}
      propertyPath: m_LocalEulerAnglesHint.y
      value: -124.812004
      objectReference: {fileID: 0}
    - target: {fileID: 5387224887630598690, guid: 58276e0fa26dd4a44ad91d99ca1adb56,
        type: 3}
      propertyPath: m_LocalEulerAnglesHint.z
      value: 0
      objectReference: {fileID: 0}
    - target: {fileID: 5387224887630598690, guid: 58276e0fa26dd4a44ad91d99ca1adb56,
        type: 3}
      propertyPath: m_LocalScale.x
      value: 1.0000002
      objectReference: {fileID: 0}
    - target: {fileID: 5387224887630598690, guid: 58276e0fa26dd4a44ad91d99ca1adb56,
        type: 3}
      propertyPath: m_LocalScale.z
      value: 1.0000002
      objectReference: {fileID: 0}
    - target: {fileID: 8977958460122161201, guid: 58276e0fa26dd4a44ad91d99ca1adb56,
        type: 3}
      propertyPath: m_Name
      value: Bucket
      objectReference: {fileID: 0}
    m_RemovedComponents: []
  m_SourcePrefab: {fileID: 100100000, guid: 58276e0fa26dd4a44ad91d99ca1adb56, type: 3}
--- !u!4 &6327002437392299713 stripped
Transform:
  m_CorrespondingSourceObject: {fileID: 5387224887630598690, guid: 58276e0fa26dd4a44ad91d99ca1adb56,
    type: 3}
  m_PrefabInstance: {fileID: 2093403412632823011}
  m_PrefabAsset: {fileID: 0}
--- !u!1001 &2397778296061129594
PrefabInstance:
  m_ObjectHideFlags: 0
  serializedVersion: 2
  m_Modification:
    m_TransformParent: {fileID: 2198302025245626804}
    m_Modifications:
    - target: {fileID: 1504823119616277928, guid: 4a7fc05fc10abbb4292536fbdbb2e704,
        type: 3}
      propertyPath: m_LocalPosition.x
      value: -3.591
      objectReference: {fileID: 0}
    - target: {fileID: 1504823119616277928, guid: 4a7fc05fc10abbb4292536fbdbb2e704,
        type: 3}
      propertyPath: m_LocalPosition.y
      value: -1.06351836e-17
      objectReference: {fileID: 0}
    - target: {fileID: 1504823119616277928, guid: 4a7fc05fc10abbb4292536fbdbb2e704,
        type: 3}
      propertyPath: m_LocalPosition.z
      value: 2.859
      objectReference: {fileID: 0}
    - target: {fileID: 1504823119616277928, guid: 4a7fc05fc10abbb4292536fbdbb2e704,
        type: 3}
      propertyPath: m_LocalRotation.x
      value: -0
      objectReference: {fileID: 0}
    - target: {fileID: 1504823119616277928, guid: 4a7fc05fc10abbb4292536fbdbb2e704,
        type: 3}
      propertyPath: m_LocalRotation.y
      value: 0.31435907
      objectReference: {fileID: 0}
    - target: {fileID: 1504823119616277928, guid: 4a7fc05fc10abbb4292536fbdbb2e704,
        type: 3}
      propertyPath: m_LocalRotation.z
      value: 0
      objectReference: {fileID: 0}
    - target: {fileID: 1504823119616277928, guid: 4a7fc05fc10abbb4292536fbdbb2e704,
        type: 3}
      propertyPath: m_LocalRotation.w
      value: -0.94930416
      objectReference: {fileID: 0}
    - target: {fileID: 1504823119616277928, guid: 4a7fc05fc10abbb4292536fbdbb2e704,
        type: 3}
      propertyPath: m_RootOrder
      value: 7
      objectReference: {fileID: 0}
    - target: {fileID: 1504823119616277928, guid: 4a7fc05fc10abbb4292536fbdbb2e704,
        type: 3}
      propertyPath: m_LocalEulerAnglesHint.x
      value: 0
      objectReference: {fileID: 0}
    - target: {fileID: 1504823119616277928, guid: 4a7fc05fc10abbb4292536fbdbb2e704,
        type: 3}
      propertyPath: m_LocalEulerAnglesHint.y
      value: -36.644
      objectReference: {fileID: 0}
    - target: {fileID: 1504823119616277928, guid: 4a7fc05fc10abbb4292536fbdbb2e704,
        type: 3}
      propertyPath: m_LocalEulerAnglesHint.z
      value: 0
      objectReference: {fileID: 0}
    - target: {fileID: 1504823119616277928, guid: 4a7fc05fc10abbb4292536fbdbb2e704,
        type: 3}
      propertyPath: m_LocalScale.x
      value: 1.0000002
      objectReference: {fileID: 0}
    - target: {fileID: 1504823119616277928, guid: 4a7fc05fc10abbb4292536fbdbb2e704,
        type: 3}
      propertyPath: m_LocalScale.z
      value: 1.0000002
      objectReference: {fileID: 0}
    - target: {fileID: 2502151461972152251, guid: 4a7fc05fc10abbb4292536fbdbb2e704,
        type: 3}
      propertyPath: m_Name
      value: Mushroomcluster
      objectReference: {fileID: 0}
    m_RemovedComponents: []
  m_SourcePrefab: {fileID: 100100000, guid: 4a7fc05fc10abbb4292536fbdbb2e704, type: 3}
--- !u!4 &3865401363812355794 stripped
Transform:
  m_CorrespondingSourceObject: {fileID: 1504823119616277928, guid: 4a7fc05fc10abbb4292536fbdbb2e704,
    type: 3}
  m_PrefabInstance: {fileID: 2397778296061129594}
  m_PrefabAsset: {fileID: 0}
--- !u!1001 &2594940907513561591
PrefabInstance:
  m_ObjectHideFlags: 0
  serializedVersion: 2
  m_Modification:
    m_TransformParent: {fileID: 2198302025245626804}
    m_Modifications:
    - target: {fileID: 695161788648316355, guid: 6ab4abd4cff88f04ba03a02da3e989f8,
        type: 3}
      propertyPath: m_LocalPosition.x
      value: -1.3495762
      objectReference: {fileID: 0}
    - target: {fileID: 695161788648316355, guid: 6ab4abd4cff88f04ba03a02da3e989f8,
        type: 3}
      propertyPath: m_LocalPosition.y
      value: 0.3262
      objectReference: {fileID: 0}
    - target: {fileID: 695161788648316355, guid: 6ab4abd4cff88f04ba03a02da3e989f8,
        type: 3}
      propertyPath: m_LocalPosition.z
      value: 3.3806553
      objectReference: {fileID: 0}
    - target: {fileID: 695161788648316355, guid: 6ab4abd4cff88f04ba03a02da3e989f8,
        type: 3}
      propertyPath: m_LocalRotation.x
      value: -0
      objectReference: {fileID: 0}
    - target: {fileID: 695161788648316355, guid: 6ab4abd4cff88f04ba03a02da3e989f8,
        type: 3}
      propertyPath: m_LocalRotation.y
      value: -0.70763135
      objectReference: {fileID: 0}
    - target: {fileID: 695161788648316355, guid: 6ab4abd4cff88f04ba03a02da3e989f8,
        type: 3}
      propertyPath: m_LocalRotation.z
      value: -0
      objectReference: {fileID: 0}
    - target: {fileID: 695161788648316355, guid: 6ab4abd4cff88f04ba03a02da3e989f8,
        type: 3}
      propertyPath: m_LocalRotation.w
      value: 0.70658183
      objectReference: {fileID: 0}
    - target: {fileID: 695161788648316355, guid: 6ab4abd4cff88f04ba03a02da3e989f8,
        type: 3}
      propertyPath: m_RootOrder
      value: 15
      objectReference: {fileID: 0}
    - target: {fileID: 695161788648316355, guid: 6ab4abd4cff88f04ba03a02da3e989f8,
        type: 3}
      propertyPath: m_LocalEulerAnglesHint.x
      value: 0
      objectReference: {fileID: 0}
    - target: {fileID: 695161788648316355, guid: 6ab4abd4cff88f04ba03a02da3e989f8,
        type: 3}
      propertyPath: m_LocalEulerAnglesHint.y
      value: -450.08502
      objectReference: {fileID: 0}
    - target: {fileID: 695161788648316355, guid: 6ab4abd4cff88f04ba03a02da3e989f8,
        type: 3}
      propertyPath: m_LocalEulerAnglesHint.z
      value: 0
      objectReference: {fileID: 0}
    - target: {fileID: 695161788648316355, guid: 6ab4abd4cff88f04ba03a02da3e989f8,
        type: 3}
      propertyPath: m_LocalScale.x
      value: 1.0000002
      objectReference: {fileID: 0}
    - target: {fileID: 695161788648316355, guid: 6ab4abd4cff88f04ba03a02da3e989f8,
        type: 3}
      propertyPath: m_LocalScale.z
      value: 1.0000002
      objectReference: {fileID: 0}
    - target: {fileID: 4611382752369455056, guid: 6ab4abd4cff88f04ba03a02da3e989f8,
        type: 3}
      propertyPath: m_Name
      value: Jar2
      objectReference: {fileID: 0}
    m_RemovedComponents: []
  m_SourcePrefab: {fileID: 100100000, guid: 6ab4abd4cff88f04ba03a02da3e989f8, type: 3}
--- !u!4 &3289493560771419188 stripped
Transform:
  m_CorrespondingSourceObject: {fileID: 695161788648316355, guid: 6ab4abd4cff88f04ba03a02da3e989f8,
    type: 3}
  m_PrefabInstance: {fileID: 2594940907513561591}
  m_PrefabAsset: {fileID: 0}
--- !u!1001 &3469096813995546051
PrefabInstance:
  m_ObjectHideFlags: 0
  serializedVersion: 2
  m_Modification:
    m_TransformParent: {fileID: 2198302025245626804}
    m_Modifications:
    - target: {fileID: 1849053291774070443, guid: 99ed04db270293d4bb247601a565e133,
        type: 3}
      propertyPath: m_Name
      value: Tanningrack
      objectReference: {fileID: 0}
    - target: {fileID: 3454949161183689912, guid: 99ed04db270293d4bb247601a565e133,
        type: 3}
      propertyPath: m_LocalPosition.x
      value: 2.64
      objectReference: {fileID: 0}
    - target: {fileID: 3454949161183689912, guid: 99ed04db270293d4bb247601a565e133,
        type: 3}
      propertyPath: m_LocalPosition.y
      value: 3.859024e-17
      objectReference: {fileID: 0}
    - target: {fileID: 3454949161183689912, guid: 99ed04db270293d4bb247601a565e133,
        type: 3}
      propertyPath: m_LocalPosition.z
      value: 4.26
      objectReference: {fileID: 0}
    - target: {fileID: 3454949161183689912, guid: 99ed04db270293d4bb247601a565e133,
        type: 3}
      propertyPath: m_LocalRotation.x
      value: -0
      objectReference: {fileID: 0}
    - target: {fileID: 3454949161183689912, guid: 99ed04db270293d4bb247601a565e133,
        type: 3}
      propertyPath: m_LocalRotation.y
      value: 0.20381096
      objectReference: {fileID: 0}
    - target: {fileID: 3454949161183689912, guid: 99ed04db270293d4bb247601a565e133,
        type: 3}
      propertyPath: m_LocalRotation.z
      value: 0
      objectReference: {fileID: 0}
    - target: {fileID: 3454949161183689912, guid: 99ed04db270293d4bb247601a565e133,
        type: 3}
      propertyPath: m_LocalRotation.w
      value: -0.9790103
      objectReference: {fileID: 0}
    - target: {fileID: 3454949161183689912, guid: 99ed04db270293d4bb247601a565e133,
        type: 3}
      propertyPath: m_RootOrder
      value: 10
      objectReference: {fileID: 0}
    - target: {fileID: 3454949161183689912, guid: 99ed04db270293d4bb247601a565e133,
        type: 3}
      propertyPath: m_LocalEulerAnglesHint.x
      value: 0
      objectReference: {fileID: 0}
    - target: {fileID: 3454949161183689912, guid: 99ed04db270293d4bb247601a565e133,
        type: 3}
      propertyPath: m_LocalEulerAnglesHint.y
      value: -23.52
      objectReference: {fileID: 0}
    - target: {fileID: 3454949161183689912, guid: 99ed04db270293d4bb247601a565e133,
        type: 3}
      propertyPath: m_LocalEulerAnglesHint.z
      value: 0
      objectReference: {fileID: 0}
    - target: {fileID: 3454949161183689912, guid: 99ed04db270293d4bb247601a565e133,
        type: 3}
      propertyPath: m_LocalScale.x
      value: 1.0000002
      objectReference: {fileID: 0}
    - target: {fileID: 3454949161183689912, guid: 99ed04db270293d4bb247601a565e133,
        type: 3}
      propertyPath: m_LocalScale.z
      value: 1.0000002
      objectReference: {fileID: 0}
    m_RemovedComponents: []
  m_SourcePrefab: {fileID: 100100000, guid: 99ed04db270293d4bb247601a565e133, type: 3}
--- !u!4 &2294237496022133115 stripped
Transform:
  m_CorrespondingSourceObject: {fileID: 3454949161183689912, guid: 99ed04db270293d4bb247601a565e133,
    type: 3}
  m_PrefabInstance: {fileID: 3469096813995546051}
  m_PrefabAsset: {fileID: 0}
--- !u!1001 &3513888316398583561
PrefabInstance:
  m_ObjectHideFlags: 0
  serializedVersion: 2
  m_Modification:
    m_TransformParent: {fileID: 2198302025245626804}
    m_Modifications:
    - target: {fileID: 1686459269461610570, guid: 139c9027b53093942923e36674aebdda,
        type: 3}
      propertyPath: m_LocalPosition.x
      value: -3.39
      objectReference: {fileID: 0}
    - target: {fileID: 1686459269461610570, guid: 139c9027b53093942923e36674aebdda,
        type: 3}
      propertyPath: m_LocalPosition.y
      value: 0.81
      objectReference: {fileID: 0}
    - target: {fileID: 1686459269461610570, guid: 139c9027b53093942923e36674aebdda,
        type: 3}
      propertyPath: m_LocalPosition.z
      value: -3.16
      objectReference: {fileID: 0}
    - target: {fileID: 1686459269461610570, guid: 139c9027b53093942923e36674aebdda,
        type: 3}
      propertyPath: m_LocalRotation.x
      value: -0
      objectReference: {fileID: 0}
    - target: {fileID: 1686459269461610570, guid: 139c9027b53093942923e36674aebdda,
        type: 3}
      propertyPath: m_LocalRotation.y
      value: 0.9197681
      objectReference: {fileID: 0}
    - target: {fileID: 1686459269461610570, guid: 139c9027b53093942923e36674aebdda,
        type: 3}
      propertyPath: m_LocalRotation.z
      value: -0
      objectReference: {fileID: 0}
    - target: {fileID: 1686459269461610570, guid: 139c9027b53093942923e36674aebdda,
        type: 3}
      propertyPath: m_LocalRotation.w
      value: -0.39246222
      objectReference: {fileID: 0}
    - target: {fileID: 1686459269461610570, guid: 139c9027b53093942923e36674aebdda,
        type: 3}
      propertyPath: m_RootOrder
      value: 3
      objectReference: {fileID: 0}
    - target: {fileID: 1686459269461610570, guid: 139c9027b53093942923e36674aebdda,
        type: 3}
      propertyPath: m_LocalEulerAnglesHint.x
      value: 0
      objectReference: {fileID: 0}
    - target: {fileID: 1686459269461610570, guid: 139c9027b53093942923e36674aebdda,
        type: 3}
      propertyPath: m_LocalEulerAnglesHint.y
      value: 0
      objectReference: {fileID: 0}
    - target: {fileID: 1686459269461610570, guid: 139c9027b53093942923e36674aebdda,
        type: 3}
      propertyPath: m_LocalEulerAnglesHint.z
      value: 0
      objectReference: {fileID: 0}
    - target: {fileID: 1686459269461610570, guid: 139c9027b53093942923e36674aebdda,
        type: 3}
      propertyPath: m_LocalScale.x
      value: 0.010000003
      objectReference: {fileID: 0}
    - target: {fileID: 1686459269461610570, guid: 139c9027b53093942923e36674aebdda,
        type: 3}
      propertyPath: m_LocalScale.z
      value: 0.010000003
      objectReference: {fileID: 0}
    - target: {fileID: 2395026724610531929, guid: 139c9027b53093942923e36674aebdda,
        type: 3}
      propertyPath: m_Name
      value: rubbishbin
      objectReference: {fileID: 0}
    m_RemovedComponents: []
  m_SourcePrefab: {fileID: 100100000, guid: 139c9027b53093942923e36674aebdda, type: 3}
--- !u!4 &2856503769946500931 stripped
Transform:
  m_CorrespondingSourceObject: {fileID: 1686459269461610570, guid: 139c9027b53093942923e36674aebdda,
    type: 3}
  m_PrefabInstance: {fileID: 3513888316398583561}
  m_PrefabAsset: {fileID: 0}
--- !u!1001 &3652906479718704147
PrefabInstance:
  m_ObjectHideFlags: 0
  serializedVersion: 2
  m_Modification:
    m_TransformParent: {fileID: 2198302025245626804}
    m_Modifications:
    - target: {fileID: 1247737284299022860, guid: 2f1a18791db81a343a99fac5a7452e47,
        type: 3}
      propertyPath: m_Name
      value: Jar1
      objectReference: {fileID: 0}
    - target: {fileID: 2813487166648324127, guid: 2f1a18791db81a343a99fac5a7452e47,
        type: 3}
      propertyPath: m_LocalPosition.x
      value: -2.9824424
      objectReference: {fileID: 0}
    - target: {fileID: 2813487166648324127, guid: 2f1a18791db81a343a99fac5a7452e47,
        type: 3}
      propertyPath: m_LocalPosition.y
      value: 0.357
      objectReference: {fileID: 0}
    - target: {fileID: 2813487166648324127, guid: 2f1a18791db81a343a99fac5a7452e47,
        type: 3}
      propertyPath: m_LocalPosition.z
      value: 2.8706229
      objectReference: {fileID: 0}
    - target: {fileID: 2813487166648324127, guid: 2f1a18791db81a343a99fac5a7452e47,
        type: 3}
      propertyPath: m_LocalRotation.x
      value: -0
      objectReference: {fileID: 0}
    - target: {fileID: 2813487166648324127, guid: 2f1a18791db81a343a99fac5a7452e47,
        type: 3}
      propertyPath: m_LocalRotation.y
      value: 0.9197681
      objectReference: {fileID: 0}
    - target: {fileID: 2813487166648324127, guid: 2f1a18791db81a343a99fac5a7452e47,
        type: 3}
      propertyPath: m_LocalRotation.z
      value: -0
      objectReference: {fileID: 0}
    - target: {fileID: 2813487166648324127, guid: 2f1a18791db81a343a99fac5a7452e47,
        type: 3}
      propertyPath: m_LocalRotation.w
      value: -0.39246222
      objectReference: {fileID: 0}
    - target: {fileID: 2813487166648324127, guid: 2f1a18791db81a343a99fac5a7452e47,
        type: 3}
      propertyPath: m_RootOrder
      value: 13
      objectReference: {fileID: 0}
    - target: {fileID: 2813487166648324127, guid: 2f1a18791db81a343a99fac5a7452e47,
        type: 3}
      propertyPath: m_LocalEulerAnglesHint.x
      value: 0
      objectReference: {fileID: 0}
    - target: {fileID: 2813487166648324127, guid: 2f1a18791db81a343a99fac5a7452e47,
        type: 3}
      propertyPath: m_LocalEulerAnglesHint.y
      value: 0
      objectReference: {fileID: 0}
    - target: {fileID: 2813487166648324127, guid: 2f1a18791db81a343a99fac5a7452e47,
        type: 3}
      propertyPath: m_LocalEulerAnglesHint.z
      value: 0
      objectReference: {fileID: 0}
    - target: {fileID: 2813487166648324127, guid: 2f1a18791db81a343a99fac5a7452e47,
        type: 3}
      propertyPath: m_LocalScale.x
      value: 1.3073003
      objectReference: {fileID: 0}
    - target: {fileID: 2813487166648324127, guid: 2f1a18791db81a343a99fac5a7452e47,
        type: 3}
      propertyPath: m_LocalScale.z
      value: 1.3073003
      objectReference: {fileID: 0}
    - target: {fileID: 2813487166648324127, guid: 2f1a18791db81a343a99fac5a7452e47,
        type: 3}
      propertyPath: m_LocalScale.y
      value: 1.3073
      objectReference: {fileID: 0}
    m_RemovedComponents: []
  m_SourcePrefab: {fileID: 100100000, guid: 2f1a18791db81a343a99fac5a7452e47, type: 3}
--- !u!4 &1565626205089739788 stripped
Transform:
  m_CorrespondingSourceObject: {fileID: 2813487166648324127, guid: 2f1a18791db81a343a99fac5a7452e47,
    type: 3}
  m_PrefabInstance: {fileID: 3652906479718704147}
  m_PrefabAsset: {fileID: 0}
--- !u!1001 &3844599469495944457
PrefabInstance:
  m_ObjectHideFlags: 0
  serializedVersion: 2
  m_Modification:
    m_TransformParent: {fileID: 2198302025245626804}
    m_Modifications:
    - target: {fileID: 662417820192455912, guid: 0d2f4fda833ee6b48a65f18d6fe50bf0,
        type: 3}
      propertyPath: m_Name
      value: BreadboxShort
      objectReference: {fileID: 0}
    - target: {fileID: 4569527064497180411, guid: 0d2f4fda833ee6b48a65f18d6fe50bf0,
        type: 3}
      propertyPath: m_LocalPosition.x
      value: 2.4797308
      objectReference: {fileID: 0}
    - target: {fileID: 4569527064497180411, guid: 0d2f4fda833ee6b48a65f18d6fe50bf0,
        type: 3}
      propertyPath: m_LocalPosition.y
      value: -8.695282e-18
      objectReference: {fileID: 0}
    - target: {fileID: 4569527064497180411, guid: 0d2f4fda833ee6b48a65f18d6fe50bf0,
        type: 3}
      propertyPath: m_LocalPosition.z
      value: -3.1531885
      objectReference: {fileID: 0}
    - target: {fileID: 4569527064497180411, guid: 0d2f4fda833ee6b48a65f18d6fe50bf0,
        type: 3}
      propertyPath: m_LocalRotation.x
      value: -0
      objectReference: {fileID: 0}
    - target: {fileID: 4569527064497180411, guid: 0d2f4fda833ee6b48a65f18d6fe50bf0,
        type: 3}
      propertyPath: m_LocalRotation.y
      value: 0.9197681
      objectReference: {fileID: 0}
    - target: {fileID: 4569527064497180411, guid: 0d2f4fda833ee6b48a65f18d6fe50bf0,
        type: 3}
      propertyPath: m_LocalRotation.z
      value: -0
      objectReference: {fileID: 0}
    - target: {fileID: 4569527064497180411, guid: 0d2f4fda833ee6b48a65f18d6fe50bf0,
        type: 3}
      propertyPath: m_LocalRotation.w
      value: -0.39246222
      objectReference: {fileID: 0}
    - target: {fileID: 4569527064497180411, guid: 0d2f4fda833ee6b48a65f18d6fe50bf0,
        type: 3}
      propertyPath: m_RootOrder
      value: 18
      objectReference: {fileID: 0}
    - target: {fileID: 4569527064497180411, guid: 0d2f4fda833ee6b48a65f18d6fe50bf0,
        type: 3}
      propertyPath: m_LocalEulerAnglesHint.x
      value: 0
      objectReference: {fileID: 0}
    - target: {fileID: 4569527064497180411, guid: 0d2f4fda833ee6b48a65f18d6fe50bf0,
        type: 3}
      propertyPath: m_LocalEulerAnglesHint.y
      value: 0
      objectReference: {fileID: 0}
    - target: {fileID: 4569527064497180411, guid: 0d2f4fda833ee6b48a65f18d6fe50bf0,
        type: 3}
      propertyPath: m_LocalEulerAnglesHint.z
      value: 0
      objectReference: {fileID: 0}
    - target: {fileID: 4569527064497180411, guid: 0d2f4fda833ee6b48a65f18d6fe50bf0,
        type: 3}
      propertyPath: m_LocalScale.x
      value: 1.0000002
      objectReference: {fileID: 0}
    - target: {fileID: 4569527064497180411, guid: 0d2f4fda833ee6b48a65f18d6fe50bf0,
        type: 3}
      propertyPath: m_LocalScale.z
      value: 1.0000002
      objectReference: {fileID: 0}
    m_RemovedComponents: []
  m_SourcePrefab: {fileID: 100100000, guid: 0d2f4fda833ee6b48a65f18d6fe50bf0, type: 3}
--- !u!4 &734362160684420082 stripped
Transform:
  m_CorrespondingSourceObject: {fileID: 4569527064497180411, guid: 0d2f4fda833ee6b48a65f18d6fe50bf0,
    type: 3}
  m_PrefabInstance: {fileID: 3844599469495944457}
  m_PrefabAsset: {fileID: 0}
--- !u!1001 &4086833789013053732
PrefabInstance:
  m_ObjectHideFlags: 0
  serializedVersion: 2
  m_Modification:
    m_TransformParent: {fileID: 2198302025245626804}
    m_Modifications:
    - target: {fileID: 5387224887630598690, guid: 58276e0fa26dd4a44ad91d99ca1adb56,
        type: 3}
      propertyPath: m_LocalPosition.x
      value: -2.229
      objectReference: {fileID: 0}
    - target: {fileID: 5387224887630598690, guid: 58276e0fa26dd4a44ad91d99ca1adb56,
        type: 3}
      propertyPath: m_LocalPosition.y
      value: -1.00019225e-16
      objectReference: {fileID: 0}
    - target: {fileID: 5387224887630598690, guid: 58276e0fa26dd4a44ad91d99ca1adb56,
        type: 3}
      propertyPath: m_LocalPosition.z
      value: -3.98
      objectReference: {fileID: 0}
    - target: {fileID: 5387224887630598690, guid: 58276e0fa26dd4a44ad91d99ca1adb56,
        type: 3}
      propertyPath: m_LocalRotation.x
      value: -0
      objectReference: {fileID: 0}
    - target: {fileID: 5387224887630598690, guid: 58276e0fa26dd4a44ad91d99ca1adb56,
        type: 3}
      propertyPath: m_LocalRotation.y
      value: 0.999592
      objectReference: {fileID: 0}
    - target: {fileID: 5387224887630598690, guid: 58276e0fa26dd4a44ad91d99ca1adb56,
        type: 3}
      propertyPath: m_LocalRotation.z
      value: -0
      objectReference: {fileID: 0}
    - target: {fileID: 5387224887630598690, guid: 58276e0fa26dd4a44ad91d99ca1adb56,
        type: 3}
      propertyPath: m_LocalRotation.w
      value: 0.028563919
      objectReference: {fileID: 0}
    - target: {fileID: 5387224887630598690, guid: 58276e0fa26dd4a44ad91d99ca1adb56,
        type: 3}
      propertyPath: m_RootOrder
      value: 6
      objectReference: {fileID: 0}
    - target: {fileID: 5387224887630598690, guid: 58276e0fa26dd4a44ad91d99ca1adb56,
        type: 3}
      propertyPath: m_LocalEulerAnglesHint.x
      value: 0
      objectReference: {fileID: 0}
    - target: {fileID: 5387224887630598690, guid: 58276e0fa26dd4a44ad91d99ca1adb56,
        type: 3}
      propertyPath: m_LocalEulerAnglesHint.y
      value: -183.27399
      objectReference: {fileID: 0}
    - target: {fileID: 5387224887630598690, guid: 58276e0fa26dd4a44ad91d99ca1adb56,
        type: 3}
      propertyPath: m_LocalEulerAnglesHint.z
      value: 0
      objectReference: {fileID: 0}
    - target: {fileID: 5387224887630598690, guid: 58276e0fa26dd4a44ad91d99ca1adb56,
        type: 3}
      propertyPath: m_LocalScale.x
      value: 1.0000002
      objectReference: {fileID: 0}
    - target: {fileID: 5387224887630598690, guid: 58276e0fa26dd4a44ad91d99ca1adb56,
        type: 3}
      propertyPath: m_LocalScale.z
      value: 1.0000002
      objectReference: {fileID: 0}
    - target: {fileID: 8977958460122161201, guid: 58276e0fa26dd4a44ad91d99ca1adb56,
        type: 3}
      propertyPath: m_Name
      value: Bucket (1)
      objectReference: {fileID: 0}
    m_RemovedComponents: []
  m_SourcePrefab: {fileID: 100100000, guid: 58276e0fa26dd4a44ad91d99ca1adb56, type: 3}
--- !u!4 &8247249611886052102 stripped
Transform:
  m_CorrespondingSourceObject: {fileID: 5387224887630598690, guid: 58276e0fa26dd4a44ad91d99ca1adb56,
    type: 3}
  m_PrefabInstance: {fileID: 4086833789013053732}
  m_PrefabAsset: {fileID: 0}
--- !u!1001 &4416140256855564407
PrefabInstance:
  m_ObjectHideFlags: 0
  serializedVersion: 2
  m_Modification:
    m_TransformParent: {fileID: 2198302025245626804}
    m_Modifications:
    - target: {fileID: 1849053291774070443, guid: 99ed04db270293d4bb247601a565e133,
        type: 3}
      propertyPath: m_Name
      value: Tanningrack (1)
      objectReference: {fileID: 0}
    - target: {fileID: 3454949161183689912, guid: 99ed04db270293d4bb247601a565e133,
        type: 3}
      propertyPath: m_LocalPosition.x
      value: -0.22
      objectReference: {fileID: 0}
    - target: {fileID: 3454949161183689912, guid: 99ed04db270293d4bb247601a565e133,
        type: 3}
      propertyPath: m_LocalPosition.y
      value: 3.859024e-17
      objectReference: {fileID: 0}
    - target: {fileID: 3454949161183689912, guid: 99ed04db270293d4bb247601a565e133,
        type: 3}
      propertyPath: m_LocalPosition.z
      value: 3.84
      objectReference: {fileID: 0}
    - target: {fileID: 3454949161183689912, guid: 99ed04db270293d4bb247601a565e133,
        type: 3}
      propertyPath: m_LocalRotation.x
      value: -0
      objectReference: {fileID: 0}
    - target: {fileID: 3454949161183689912, guid: 99ed04db270293d4bb247601a565e133,
        type: 3}
      propertyPath: m_LocalRotation.y
      value: -0.0115953395
      objectReference: {fileID: 0}
    - target: {fileID: 3454949161183689912, guid: 99ed04db270293d4bb247601a565e133,
        type: 3}
      propertyPath: m_LocalRotation.z
      value: 0
      objectReference: {fileID: 0}
    - target: {fileID: 3454949161183689912, guid: 99ed04db270293d4bb247601a565e133,
        type: 3}
      propertyPath: m_LocalRotation.w
      value: -0.99993277
      objectReference: {fileID: 0}
    - target: {fileID: 3454949161183689912, guid: 99ed04db270293d4bb247601a565e133,
        type: 3}
      propertyPath: m_RootOrder
      value: 11
      objectReference: {fileID: 0}
    - target: {fileID: 3454949161183689912, guid: 99ed04db270293d4bb247601a565e133,
        type: 3}
      propertyPath: m_LocalEulerAnglesHint.x
      value: 0
      objectReference: {fileID: 0}
    - target: {fileID: 3454949161183689912, guid: 99ed04db270293d4bb247601a565e133,
        type: 3}
      propertyPath: m_LocalEulerAnglesHint.y
      value: 1.3290001
      objectReference: {fileID: 0}
    - target: {fileID: 3454949161183689912, guid: 99ed04db270293d4bb247601a565e133,
        type: 3}
      propertyPath: m_LocalEulerAnglesHint.z
      value: 0
      objectReference: {fileID: 0}
    - target: {fileID: 3454949161183689912, guid: 99ed04db270293d4bb247601a565e133,
        type: 3}
      propertyPath: m_LocalScale.x
      value: 1.0000002
      objectReference: {fileID: 0}
    - target: {fileID: 3454949161183689912, guid: 99ed04db270293d4bb247601a565e133,
        type: 3}
      propertyPath: m_LocalScale.z
      value: 1.0000002
      objectReference: {fileID: 0}
    m_RemovedComponents: []
  m_SourcePrefab: {fileID: 100100000, guid: 99ed04db270293d4bb247601a565e133, type: 3}
--- !u!4 &1349736141209640143 stripped
Transform:
  m_CorrespondingSourceObject: {fileID: 3454949161183689912, guid: 99ed04db270293d4bb247601a565e133,
    type: 3}
  m_PrefabInstance: {fileID: 4416140256855564407}
  m_PrefabAsset: {fileID: 0}
--- !u!1001 &4736592069341697715
PrefabInstance:
  m_ObjectHideFlags: 0
  serializedVersion: 2
  m_Modification:
    m_TransformParent: {fileID: 2198302025245626804}
    m_Modifications:
    - target: {fileID: 6575571735986174014, guid: 593056d74c37987449627e195f0c8d3a,
        type: 3}
      propertyPath: m_LocalPosition.x
      value: -2.284
      objectReference: {fileID: 0}
    - target: {fileID: 6575571735986174014, guid: 593056d74c37987449627e195f0c8d3a,
        type: 3}
      propertyPath: m_LocalPosition.y
      value: 0.947
      objectReference: {fileID: 0}
    - target: {fileID: 6575571735986174014, guid: 593056d74c37987449627e195f0c8d3a,
        type: 3}
      propertyPath: m_LocalPosition.z
      value: 2.638
      objectReference: {fileID: 0}
    - target: {fileID: 6575571735986174014, guid: 593056d74c37987449627e195f0c8d3a,
        type: 3}
      propertyPath: m_LocalRotation.x
      value: 0.15749349
      objectReference: {fileID: 0}
    - target: {fileID: 6575571735986174014, guid: 593056d74c37987449627e195f0c8d3a,
        type: 3}
      propertyPath: m_LocalRotation.y
      value: 0.7225694
      objectReference: {fileID: 0}
    - target: {fileID: 6575571735986174014, guid: 593056d74c37987449627e195f0c8d3a,
        type: 3}
      propertyPath: m_LocalRotation.z
      value: -0.061771095
      objectReference: {fileID: 0}
    - target: {fileID: 6575571735986174014, guid: 593056d74c37987449627e195f0c8d3a,
        type: 3}
      propertyPath: m_LocalRotation.w
      value: -0.6702787
      objectReference: {fileID: 0}
    - target: {fileID: 6575571735986174014, guid: 593056d74c37987449627e195f0c8d3a,
        type: 3}
      propertyPath: m_RootOrder
      value: 12
      objectReference: {fileID: 0}
    - target: {fileID: 6575571735986174014, guid: 593056d74c37987449627e195f0c8d3a,
        type: 3}
      propertyPath: m_LocalEulerAnglesHint.x
      value: -7.0000005
      objectReference: {fileID: 0}
    - target: {fileID: 6575571735986174014, guid: 593056d74c37987449627e195f0c8d3a,
        type: 3}
      propertyPath: m_LocalEulerAnglesHint.y
      value: -95.424
      objectReference: {fileID: 0}
    - target: {fileID: 6575571735986174014, guid: 593056d74c37987449627e195f0c8d3a,
        type: 3}
      propertyPath: m_LocalEulerAnglesHint.z
      value: 18.224
      objectReference: {fileID: 0}
    - target: {fileID: 6575571735986174014, guid: 593056d74c37987449627e195f0c8d3a,
        type: 3}
      propertyPath: m_LocalScale.x
      value: 1.2883004
      objectReference: {fileID: 0}
    - target: {fileID: 6575571735986174014, guid: 593056d74c37987449627e195f0c8d3a,
        type: 3}
      propertyPath: m_LocalScale.z
      value: 1.2883004
      objectReference: {fileID: 0}
    - target: {fileID: 6575571735986174014, guid: 593056d74c37987449627e195f0c8d3a,
        type: 3}
      propertyPath: m_LocalScale.y
      value: 1.2883
      objectReference: {fileID: 0}
    - target: {fileID: 7861673611895704109, guid: 593056d74c37987449627e195f0c8d3a,
        type: 3}
      propertyPath: m_Name
      value: Broom2
      objectReference: {fileID: 0}
    m_RemovedComponents: []
  m_SourcePrefab: {fileID: 100100000, guid: 593056d74c37987449627e195f0c8d3a, type: 3}
--- !u!4 &1944111120772411021 stripped
Transform:
  m_CorrespondingSourceObject: {fileID: 6575571735986174014, guid: 593056d74c37987449627e195f0c8d3a,
    type: 3}
  m_PrefabInstance: {fileID: 4736592069341697715}
  m_PrefabAsset: {fileID: 0}
--- !u!1001 &5198625566259791003
PrefabInstance:
  m_ObjectHideFlags: 0
  serializedVersion: 2
  m_Modification:
    m_TransformParent: {fileID: 2198302025245626804}
    m_Modifications:
    - target: {fileID: 6189296628971222571, guid: 65fc853f3336bdc4b9b4288a2318114e,
        type: 3}
      propertyPath: m_Name
      value: Palmplant (1)
      objectReference: {fileID: 0}
    - target: {fileID: 7187628066423489592, guid: 65fc853f3336bdc4b9b4288a2318114e,
        type: 3}
      propertyPath: m_LocalPosition.x
      value: -4.334
      objectReference: {fileID: 0}
    - target: {fileID: 7187628066423489592, guid: 65fc853f3336bdc4b9b4288a2318114e,
        type: 3}
      propertyPath: m_LocalPosition.y
      value: -3.89657e-17
      objectReference: {fileID: 0}
    - target: {fileID: 7187628066423489592, guid: 65fc853f3336bdc4b9b4288a2318114e,
        type: 3}
      propertyPath: m_LocalPosition.z
      value: -1.766
      objectReference: {fileID: 0}
    - target: {fileID: 7187628066423489592, guid: 65fc853f3336bdc4b9b4288a2318114e,
        type: 3}
      propertyPath: m_LocalRotation.x
      value: -0
      objectReference: {fileID: 0}
    - target: {fileID: 7187628066423489592, guid: 65fc853f3336bdc4b9b4288a2318114e,
        type: 3}
      propertyPath: m_LocalRotation.y
      value: 0.4411109
      objectReference: {fileID: 0}
    - target: {fileID: 7187628066423489592, guid: 65fc853f3336bdc4b9b4288a2318114e,
        type: 3}
      propertyPath: m_LocalRotation.z
      value: 0
      objectReference: {fileID: 0}
    - target: {fileID: 7187628066423489592, guid: 65fc853f3336bdc4b9b4288a2318114e,
        type: 3}
      propertyPath: m_LocalRotation.w
      value: -0.89745265
      objectReference: {fileID: 0}
    - target: {fileID: 7187628066423489592, guid: 65fc853f3336bdc4b9b4288a2318114e,
        type: 3}
      propertyPath: m_RootOrder
      value: 9
      objectReference: {fileID: 0}
    - target: {fileID: 7187628066423489592, guid: 65fc853f3336bdc4b9b4288a2318114e,
        type: 3}
      propertyPath: m_LocalEulerAnglesHint.x
      value: 0
      objectReference: {fileID: 0}
    - target: {fileID: 7187628066423489592, guid: 65fc853f3336bdc4b9b4288a2318114e,
        type: 3}
      propertyPath: m_LocalEulerAnglesHint.y
      value: -52.350002
      objectReference: {fileID: 0}
    - target: {fileID: 7187628066423489592, guid: 65fc853f3336bdc4b9b4288a2318114e,
        type: 3}
      propertyPath: m_LocalEulerAnglesHint.z
      value: 0
      objectReference: {fileID: 0}
    - target: {fileID: 7187628066423489592, guid: 65fc853f3336bdc4b9b4288a2318114e,
        type: 3}
      propertyPath: m_LocalScale.x
      value: 1.0000002
      objectReference: {fileID: 0}
    - target: {fileID: 7187628066423489592, guid: 65fc853f3336bdc4b9b4288a2318114e,
        type: 3}
      propertyPath: m_LocalScale.z
      value: 1.0000002
      objectReference: {fileID: 0}
    m_RemovedComponents: []
  m_SourcePrefab: {fileID: 100100000, guid: 65fc853f3336bdc4b9b4288a2318114e, type: 3}
--- !u!4 &3142016988166029475 stripped
Transform:
  m_CorrespondingSourceObject: {fileID: 7187628066423489592, guid: 65fc853f3336bdc4b9b4288a2318114e,
    type: 3}
  m_PrefabInstance: {fileID: 5198625566259791003}
  m_PrefabAsset: {fileID: 0}
--- !u!1001 &5507518179901897880
PrefabInstance:
  m_ObjectHideFlags: 0
  serializedVersion: 2
  m_Modification:
    m_TransformParent: {fileID: 2198302025245626804}
    m_Modifications:
    - target: {fileID: 5153717189069579079, guid: 68a12ac0d2c065f48b66f5871ed1da6b,
        type: 3}
      propertyPath: m_Name
      value: BreadboxTall
      objectReference: {fileID: 0}
    - target: {fileID: 8205267849372488020, guid: 68a12ac0d2c065f48b66f5871ed1da6b,
        type: 3}
      propertyPath: m_LocalPosition.x
      value: 3.229
      objectReference: {fileID: 0}
    - target: {fileID: 8205267849372488020, guid: 68a12ac0d2c065f48b66f5871ed1da6b,
        type: 3}
      propertyPath: m_LocalPosition.y
      value: -1.3581566e-17
      objectReference: {fileID: 0}
    - target: {fileID: 8205267849372488020, guid: 68a12ac0d2c065f48b66f5871ed1da6b,
        type: 3}
      propertyPath: m_LocalPosition.z
      value: -2.905
      objectReference: {fileID: 0}
    - target: {fileID: 8205267849372488020, guid: 68a12ac0d2c065f48b66f5871ed1da6b,
        type: 3}
      propertyPath: m_LocalRotation.x
      value: -0
      objectReference: {fileID: 0}
    - target: {fileID: 8205267849372488020, guid: 68a12ac0d2c065f48b66f5871ed1da6b,
        type: 3}
      propertyPath: m_LocalRotation.y
      value: 0.99951017
      objectReference: {fileID: 0}
    - target: {fileID: 8205267849372488020, guid: 68a12ac0d2c065f48b66f5871ed1da6b,
        type: 3}
      propertyPath: m_LocalRotation.z
      value: -0
      objectReference: {fileID: 0}
    - target: {fileID: 8205267849372488020, guid: 68a12ac0d2c065f48b66f5871ed1da6b,
        type: 3}
      propertyPath: m_LocalRotation.w
      value: -0.031295538
      objectReference: {fileID: 0}
    - target: {fileID: 8205267849372488020, guid: 68a12ac0d2c065f48b66f5871ed1da6b,
        type: 3}
      propertyPath: m_RootOrder
      value: 17
      objectReference: {fileID: 0}
    - target: {fileID: 8205267849372488020, guid: 68a12ac0d2c065f48b66f5871ed1da6b,
        type: 3}
      propertyPath: m_LocalEulerAnglesHint.x
      value: 0
      objectReference: {fileID: 0}
    - target: {fileID: 8205267849372488020, guid: 68a12ac0d2c065f48b66f5871ed1da6b,
        type: 3}
      propertyPath: m_LocalEulerAnglesHint.y
      value: -176.41301
      objectReference: {fileID: 0}
    - target: {fileID: 8205267849372488020, guid: 68a12ac0d2c065f48b66f5871ed1da6b,
        type: 3}
      propertyPath: m_LocalEulerAnglesHint.z
      value: 0
      objectReference: {fileID: 0}
    - target: {fileID: 8205267849372488020, guid: 68a12ac0d2c065f48b66f5871ed1da6b,
        type: 3}
      propertyPath: m_LocalScale.x
      value: 1.0000002
      objectReference: {fileID: 0}
    - target: {fileID: 8205267849372488020, guid: 68a12ac0d2c065f48b66f5871ed1da6b,
        type: 3}
      propertyPath: m_LocalScale.z
      value: 1.0000002
      objectReference: {fileID: 0}
    m_RemovedComponents: []
  m_SourcePrefab: {fileID: 100100000, guid: 68a12ac0d2c065f48b66f5871ed1da6b, type: 3}
--- !u!4 &4445146533297991116 stripped
Transform:
  m_CorrespondingSourceObject: {fileID: 8205267849372488020, guid: 68a12ac0d2c065f48b66f5871ed1da6b,
    type: 3}
  m_PrefabInstance: {fileID: 5507518179901897880}
  m_PrefabAsset: {fileID: 0}
--- !u!1001 &5656509914780903334
PrefabInstance:
  m_ObjectHideFlags: 0
  serializedVersion: 2
  m_Modification:
    m_TransformParent: {fileID: 2198302025245626804}
    m_Modifications:
    - target: {fileID: 5075315621848309387, guid: 3b97a49408c83e247933c5c2cd8a498e,
        type: 3}
      propertyPath: m_LocalPosition.x
      value: 5.22
      objectReference: {fileID: 0}
    - target: {fileID: 5075315621848309387, guid: 3b97a49408c83e247933c5c2cd8a498e,
        type: 3}
      propertyPath: m_LocalPosition.y
      value: 1.012876e-16
      objectReference: {fileID: 0}
    - target: {fileID: 5075315621848309387, guid: 3b97a49408c83e247933c5c2cd8a498e,
        type: 3}
      propertyPath: m_LocalPosition.z
      value: 0.08
      objectReference: {fileID: 0}
    - target: {fileID: 5075315621848309387, guid: 3b97a49408c83e247933c5c2cd8a498e,
        type: 3}
      propertyPath: m_LocalRotation.x
      value: -0
      objectReference: {fileID: 0}
    - target: {fileID: 5075315621848309387, guid: 3b97a49408c83e247933c5c2cd8a498e,
        type: 3}
      propertyPath: m_LocalRotation.y
      value: 0.0059182947
      objectReference: {fileID: 0}
    - target: {fileID: 5075315621848309387, guid: 3b97a49408c83e247933c5c2cd8a498e,
        type: 3}
      propertyPath: m_LocalRotation.z
      value: 0
      objectReference: {fileID: 0}
    - target: {fileID: 5075315621848309387, guid: 3b97a49408c83e247933c5c2cd8a498e,
        type: 3}
      propertyPath: m_LocalRotation.w
      value: -0.9999825
      objectReference: {fileID: 0}
    - target: {fileID: 5075315621848309387, guid: 3b97a49408c83e247933c5c2cd8a498e,
        type: 3}
      propertyPath: m_RootOrder
      value: 16
      objectReference: {fileID: 0}
    - target: {fileID: 5075315621848309387, guid: 3b97a49408c83e247933c5c2cd8a498e,
        type: 3}
      propertyPath: m_LocalEulerAnglesHint.x
      value: 0
      objectReference: {fileID: 0}
    - target: {fileID: 5075315621848309387, guid: 3b97a49408c83e247933c5c2cd8a498e,
        type: 3}
      propertyPath: m_LocalEulerAnglesHint.y
      value: -0.67800003
      objectReference: {fileID: 0}
    - target: {fileID: 5075315621848309387, guid: 3b97a49408c83e247933c5c2cd8a498e,
        type: 3}
      propertyPath: m_LocalEulerAnglesHint.z
      value: 0
      objectReference: {fileID: 0}
    - target: {fileID: 8085225159966108824, guid: 3b97a49408c83e247933c5c2cd8a498e,
        type: 3}
      propertyPath: m_Name
      value: Watertrough
      objectReference: {fileID: 0}
    m_RemovedComponents: []
  m_SourcePrefab: {fileID: 100100000, guid: 3b97a49408c83e247933c5c2cd8a498e, type: 3}
--- !u!4 &581194590929811757 stripped
Transform:
  m_CorrespondingSourceObject: {fileID: 5075315621848309387, guid: 3b97a49408c83e247933c5c2cd8a498e,
    type: 3}
  m_PrefabInstance: {fileID: 5656509914780903334}
  m_PrefabAsset: {fileID: 0}
--- !u!1001 &7546429576730798493
PrefabInstance:
  m_ObjectHideFlags: 0
  serializedVersion: 2
  m_Modification:
    m_TransformParent: {fileID: 2198302025245626804}
    m_Modifications:
    - target: {fileID: 662417820192455912, guid: 0d2f4fda833ee6b48a65f18d6fe50bf0,
        type: 3}
      propertyPath: m_Name
      value: BreadboxShort (2)
      objectReference: {fileID: 0}
    - target: {fileID: 4569527064497180411, guid: 0d2f4fda833ee6b48a65f18d6fe50bf0,
        type: 3}
      propertyPath: m_LocalPosition.x
      value: 2.5086
      objectReference: {fileID: 0}
    - target: {fileID: 4569527064497180411, guid: 0d2f4fda833ee6b48a65f18d6fe50bf0,
        type: 3}
      propertyPath: m_LocalPosition.y
      value: 0.2357
      objectReference: {fileID: 0}
    - target: {fileID: 4569527064497180411, guid: 0d2f4fda833ee6b48a65f18d6fe50bf0,
        type: 3}
      propertyPath: m_LocalPosition.z
      value: -3.1706
      objectReference: {fileID: 0}
    - target: {fileID: 4569527064497180411, guid: 0d2f4fda833ee6b48a65f18d6fe50bf0,
        type: 3}
      propertyPath: m_LocalRotation.x
      value: -0
      objectReference: {fileID: 0}
    - target: {fileID: 4569527064497180411, guid: 0d2f4fda833ee6b48a65f18d6fe50bf0,
        type: 3}
      propertyPath: m_LocalRotation.y
      value: 0.6572947
      objectReference: {fileID: 0}
    - target: {fileID: 4569527064497180411, guid: 0d2f4fda833ee6b48a65f18d6fe50bf0,
        type: 3}
      propertyPath: m_LocalRotation.z
      value: 0
      objectReference: {fileID: 0}
    - target: {fileID: 4569527064497180411, guid: 0d2f4fda833ee6b48a65f18d6fe50bf0,
        type: 3}
      propertyPath: m_LocalRotation.w
      value: -0.7536336
      objectReference: {fileID: 0}
    - target: {fileID: 4569527064497180411, guid: 0d2f4fda833ee6b48a65f18d6fe50bf0,
        type: 3}
      propertyPath: m_RootOrder
      value: 20
      objectReference: {fileID: 0}
    - target: {fileID: 4569527064497180411, guid: 0d2f4fda833ee6b48a65f18d6fe50bf0,
        type: 3}
      propertyPath: m_LocalEulerAnglesHint.x
      value: 0
      objectReference: {fileID: 0}
    - target: {fileID: 4569527064497180411, guid: 0d2f4fda833ee6b48a65f18d6fe50bf0,
        type: 3}
      propertyPath: m_LocalEulerAnglesHint.y
      value: -82.188
      objectReference: {fileID: 0}
    - target: {fileID: 4569527064497180411, guid: 0d2f4fda833ee6b48a65f18d6fe50bf0,
        type: 3}
      propertyPath: m_LocalEulerAnglesHint.z
      value: 0
      objectReference: {fileID: 0}
    - target: {fileID: 4569527064497180411, guid: 0d2f4fda833ee6b48a65f18d6fe50bf0,
        type: 3}
      propertyPath: m_LocalScale.x
      value: 1.0000002
      objectReference: {fileID: 0}
    - target: {fileID: 4569527064497180411, guid: 0d2f4fda833ee6b48a65f18d6fe50bf0,
        type: 3}
      propertyPath: m_LocalScale.z
      value: 1.0000002
      objectReference: {fileID: 0}
    m_RemovedComponents: []
  m_SourcePrefab: {fileID: 100100000, guid: 0d2f4fda833ee6b48a65f18d6fe50bf0, type: 3}
--- !u!4 &6327686189065774950 stripped
Transform:
  m_CorrespondingSourceObject: {fileID: 4569527064497180411, guid: 0d2f4fda833ee6b48a65f18d6fe50bf0,
    type: 3}
  m_PrefabInstance: {fileID: 7546429576730798493}
  m_PrefabAsset: {fileID: 0}
--- !u!1001 &8189957472232270807
PrefabInstance:
  m_ObjectHideFlags: 0
  serializedVersion: 2
  m_Modification:
    m_TransformParent: {fileID: 2198302025245626804}
    m_Modifications:
    - target: {fileID: 662417820192455912, guid: 0d2f4fda833ee6b48a65f18d6fe50bf0,
        type: 3}
      propertyPath: m_Name
      value: BreadboxShort (1)
      objectReference: {fileID: 0}
    - target: {fileID: 4569527064497180411, guid: 0d2f4fda833ee6b48a65f18d6fe50bf0,
        type: 3}
      propertyPath: m_LocalPosition.x
      value: 3.296
      objectReference: {fileID: 0}
    - target: {fileID: 4569527064497180411, guid: 0d2f4fda833ee6b48a65f18d6fe50bf0,
        type: 3}
      propertyPath: m_LocalPosition.y
      value: -8.695282e-18
      objectReference: {fileID: 0}
    - target: {fileID: 4569527064497180411, guid: 0d2f4fda833ee6b48a65f18d6fe50bf0,
        type: 3}
      propertyPath: m_LocalPosition.z
      value: -3.775
      objectReference: {fileID: 0}
    - target: {fileID: 4569527064497180411, guid: 0d2f4fda833ee6b48a65f18d6fe50bf0,
        type: 3}
      propertyPath: m_LocalRotation.x
      value: -0
      objectReference: {fileID: 0}
    - target: {fileID: 4569527064497180411, guid: 0d2f4fda833ee6b48a65f18d6fe50bf0,
        type: 3}
      propertyPath: m_LocalRotation.y
      value: 0.99264866
      objectReference: {fileID: 0}
    - target: {fileID: 4569527064497180411, guid: 0d2f4fda833ee6b48a65f18d6fe50bf0,
        type: 3}
      propertyPath: m_LocalRotation.z
      value: -0
      objectReference: {fileID: 0}
    - target: {fileID: 4569527064497180411, guid: 0d2f4fda833ee6b48a65f18d6fe50bf0,
        type: 3}
      propertyPath: m_LocalRotation.w
      value: 0.1210315
      objectReference: {fileID: 0}
    - target: {fileID: 4569527064497180411, guid: 0d2f4fda833ee6b48a65f18d6fe50bf0,
        type: 3}
      propertyPath: m_RootOrder
      value: 19
      objectReference: {fileID: 0}
    - target: {fileID: 4569527064497180411, guid: 0d2f4fda833ee6b48a65f18d6fe50bf0,
        type: 3}
      propertyPath: m_LocalEulerAnglesHint.x
      value: 0
      objectReference: {fileID: 0}
    - target: {fileID: 4569527064497180411, guid: 0d2f4fda833ee6b48a65f18d6fe50bf0,
        type: 3}
      propertyPath: m_LocalEulerAnglesHint.y
      value: -193.90298
      objectReference: {fileID: 0}
    - target: {fileID: 4569527064497180411, guid: 0d2f4fda833ee6b48a65f18d6fe50bf0,
        type: 3}
      propertyPath: m_LocalEulerAnglesHint.z
      value: 0
      objectReference: {fileID: 0}
    - target: {fileID: 4569527064497180411, guid: 0d2f4fda833ee6b48a65f18d6fe50bf0,
        type: 3}
      propertyPath: m_LocalScale.x
      value: 1.0000002
      objectReference: {fileID: 0}
    - target: {fileID: 4569527064497180411, guid: 0d2f4fda833ee6b48a65f18d6fe50bf0,
        type: 3}
      propertyPath: m_LocalScale.z
      value: 1.0000002
      objectReference: {fileID: 0}
    m_RemovedComponents: []
  m_SourcePrefab: {fileID: 100100000, guid: 0d2f4fda833ee6b48a65f18d6fe50bf0, type: 3}
--- !u!4 &5675285716839867692 stripped
Transform:
  m_CorrespondingSourceObject: {fileID: 4569527064497180411, guid: 0d2f4fda833ee6b48a65f18d6fe50bf0,
    type: 3}
  m_PrefabInstance: {fileID: 8189957472232270807}
  m_PrefabAsset: {fileID: 0}
