%YAML 1.1
%TAG !u! tag:unity3d.com,2011:
--- !u!1 &2485814122383079013
GameObject:
  m_ObjectHideFlags: 0
  m_CorrespondingSourceObject: {fileID: 0}
  m_PrefabInstance: {fileID: 0}
  m_PrefabAsset: {fileID: 0}
  serializedVersion: 6
  m_Component:
  - component: {fileID: 2074805753317523225}
  - component: {fileID: 8844052127680782012}
  - component: {fileID: 7993176919139760350}
  - component: {fileID: 628012901850633147}
  m_Layer: 0
  m_Name: MainBody
  m_TagString: Untagged
  m_Icon: {fileID: 0}
  m_NavMeshLayer: 0
  m_StaticEditorFlags: 0
  m_IsActive: 1
--- !u!4 &2074805753317523225
Transform:
  m_ObjectHideFlags: 0
  m_CorrespondingSourceObject: {fileID: 0}
  m_PrefabInstance: {fileID: 0}
  m_PrefabAsset: {fileID: 0}
  m_GameObject: {fileID: 2485814122383079013}
  m_LocalRotation: {x: 0, y: -0, z: -0, w: 1}
  m_LocalPosition: {x: -0.6087897, y: 6.6108027, z: 0.070388556}
  m_LocalScale: {x: 1, y: 1, z: 1}
  m_Children: []
  m_Father: {fileID: 1252317404592772976}
  m_RootOrder: 1
  m_LocalEulerAnglesHint: {x: 0, y: 0, z: 0}
--- !u!33 &8844052127680782012
MeshFilter:
  m_ObjectHideFlags: 0
  m_CorrespondingSourceObject: {fileID: 0}
  m_PrefabInstance: {fileID: 0}
  m_PrefabAsset: {fileID: 0}
  m_GameObject: {fileID: 2485814122383079013}
  m_Mesh: {fileID: 1901984940588351134, guid: 5135f718cb08d7e47bd46a971a4b1af7, type: 3}
--- !u!23 &7993176919139760350
MeshRenderer:
  m_ObjectHideFlags: 0
  m_CorrespondingSourceObject: {fileID: 0}
  m_PrefabInstance: {fileID: 0}
  m_PrefabAsset: {fileID: 0}
  m_GameObject: {fileID: 2485814122383079013}
  m_Enabled: 1
  m_CastShadows: 1
  m_ReceiveShadows: 1
  m_DynamicOccludee: 1
  m_MotionVectors: 1
  m_LightProbeUsage: 1
  m_ReflectionProbeUsage: 1
  m_RayTracingMode: 2
  m_RenderingLayerMask: 1
  m_RendererPriority: 0
  m_Materials:
  - {fileID: 2100000, guid: 109934319ed1e87449cdd561b2d171ea, type: 2}
  m_StaticBatchInfo:
    firstSubMesh: 0
    subMeshCount: 0
  m_StaticBatchRoot: {fileID: 0}
  m_ProbeAnchor: {fileID: 0}
  m_LightProbeVolumeOverride: {fileID: 0}
  m_ScaleInLightmap: 1
  m_ReceiveGI: 1
  m_PreserveUVs: 0
  m_IgnoreNormalsForChartDetection: 0
  m_ImportantGI: 0
  m_StitchLightmapSeams: 1
  m_SelectedEditorRenderState: 3
  m_MinimumChartSize: 4
  m_AutoUVMaxDistance: 0.5
  m_AutoUVMaxAngle: 89
  m_LightmapParameters: {fileID: 0}
  m_SortingLayerID: 0
  m_SortingLayer: 0
  m_SortingOrder: 0
--- !u!64 &628012901850633147
MeshCollider:
  m_ObjectHideFlags: 0
  m_CorrespondingSourceObject: {fileID: 0}
  m_PrefabInstance: {fileID: 0}
  m_PrefabAsset: {fileID: 0}
  m_GameObject: {fileID: 2485814122383079013}
  m_Material: {fileID: 0}
  m_IsTrigger: 0
  m_Enabled: 1
  serializedVersion: 4
  m_Convex: 0
  m_CookingOptions: 30
  m_Mesh: {fileID: 1901984940588351134, guid: 5135f718cb08d7e47bd46a971a4b1af7, type: 3}
--- !u!1 &2826705666249090403
GameObject:
  m_ObjectHideFlags: 0
  m_CorrespondingSourceObject: {fileID: 0}
  m_PrefabInstance: {fileID: 0}
  m_PrefabAsset: {fileID: 0}
  serializedVersion: 6
  m_Component:
  - component: {fileID: 1252317404592772976}
  m_Layer: 0
  m_Name: TallhouseRed
  m_TagString: Untagged
  m_Icon: {fileID: 0}
  m_NavMeshLayer: 0
  m_StaticEditorFlags: 0
  m_IsActive: 1
--- !u!4 &1252317404592772976
Transform:
  m_ObjectHideFlags: 0
  m_CorrespondingSourceObject: {fileID: 0}
  m_PrefabInstance: {fileID: 0}
  m_PrefabAsset: {fileID: 0}
  m_GameObject: {fileID: 2826705666249090403}
  m_LocalRotation: {x: -0, y: -0.9197681, z: -0, w: -0.39246222}
  m_LocalPosition: {x: -36.46, y: -0.07793379, z: -5.51}
  m_LocalScale: {x: 1, y: 1, z: 1}
  m_Children:
  - {fileID: 9093302142459804086}
  - {fileID: 2074805753317523225}
  - {fileID: 4854091018468115328}
  - {fileID: 8489375269515240071}
  - {fileID: 1000327591965489956}
  - {fileID: 4096944803201141919}
  - {fileID: 8076612934531684063}
  - {fileID: 2834240579516096802}
  - {fileID: 5246656121770861805}
  - {fileID: 9118311283633606659}
  - {fileID: 8467344409296833251}
  - {fileID: 6637045511695846702}
  - {fileID: 265718029282420254}
  - {fileID: 3800694936531782752}
  - {fileID: 4858299230663593433}
  - {fileID: 2386822708453202963}
  - {fileID: 3962514600638277991}
  - {fileID: 5907536692344167020}
  - {fileID: 2421875376615299863}
  - {fileID: 3030297062082256783}
  - {fileID: 1081501166381264150}
  m_Father: {fileID: 0}
  m_RootOrder: 0
  m_LocalEulerAnglesHint: {x: 0, y: -226.21599, z: 0}
--- !u!1 &3433847381105220410
GameObject:
  m_ObjectHideFlags: 0
  m_CorrespondingSourceObject: {fileID: 0}
  m_PrefabInstance: {fileID: 0}
  m_PrefabAsset: {fileID: 0}
  serializedVersion: 6
  m_Component:
  - component: {fileID: 9093302142459804086}
  - component: {fileID: 1606967107704604207}
  - component: {fileID: 3078055247301034124}
  - component: {fileID: 5905703729181123351}
  m_Layer: 0
  m_Name: Beams
  m_TagString: Untagged
  m_Icon: {fileID: 0}
  m_NavMeshLayer: 0
  m_StaticEditorFlags: 0
  m_IsActive: 1
--- !u!4 &9093302142459804086
Transform:
  m_ObjectHideFlags: 0
  m_CorrespondingSourceObject: {fileID: 0}
  m_PrefabInstance: {fileID: 0}
  m_PrefabAsset: {fileID: 0}
  m_GameObject: {fileID: 3433847381105220410}
  m_LocalRotation: {x: 0, y: -0, z: -0, w: 1}
  m_LocalPosition: {x: 0.15512061, y: 5.825836, z: -0.02606821}
  m_LocalScale: {x: 1, y: 1, z: 1}
  m_Children: []
  m_Father: {fileID: 1252317404592772976}
  m_RootOrder: 0
  m_LocalEulerAnglesHint: {x: 0, y: 0, z: 0}
--- !u!33 &1606967107704604207
MeshFilter:
  m_ObjectHideFlags: 0
  m_CorrespondingSourceObject: {fileID: 0}
  m_PrefabInstance: {fileID: 0}
  m_PrefabAsset: {fileID: 0}
  m_GameObject: {fileID: 3433847381105220410}
  m_Mesh: {fileID: 4608049204969499509, guid: 5135f718cb08d7e47bd46a971a4b1af7, type: 3}
--- !u!23 &3078055247301034124
MeshRenderer:
  m_ObjectHideFlags: 0
  m_CorrespondingSourceObject: {fileID: 0}
  m_PrefabInstance: {fileID: 0}
  m_PrefabAsset: {fileID: 0}
  m_GameObject: {fileID: 3433847381105220410}
  m_Enabled: 1
  m_CastShadows: 1
  m_ReceiveShadows: 1
  m_DynamicOccludee: 1
  m_MotionVectors: 1
  m_LightProbeUsage: 1
  m_ReflectionProbeUsage: 1
  m_RayTracingMode: 2
  m_RenderingLayerMask: 1
  m_RendererPriority: 0
  m_Materials:
  - {fileID: 2100000, guid: 36034e78aa095a747a5afb0ddab79296, type: 2}
  m_StaticBatchInfo:
    firstSubMesh: 0
    subMeshCount: 0
  m_StaticBatchRoot: {fileID: 0}
  m_ProbeAnchor: {fileID: 0}
  m_LightProbeVolumeOverride: {fileID: 0}
  m_ScaleInLightmap: 1
  m_ReceiveGI: 1
  m_PreserveUVs: 0
  m_IgnoreNormalsForChartDetection: 0
  m_ImportantGI: 0
  m_StitchLightmapSeams: 1
  m_SelectedEditorRenderState: 3
  m_MinimumChartSize: 4
  m_AutoUVMaxDistance: 0.5
  m_AutoUVMaxAngle: 89
  m_LightmapParameters: {fileID: 0}
  m_SortingLayerID: 0
  m_SortingLayer: 0
  m_SortingOrder: 0
--- !u!64 &5905703729181123351
MeshCollider:
  m_ObjectHideFlags: 0
  m_CorrespondingSourceObject: {fileID: 0}
  m_PrefabInstance: {fileID: 0}
  m_PrefabAsset: {fileID: 0}
  m_GameObject: {fileID: 3433847381105220410}
  m_Material: {fileID: 0}
  m_IsTrigger: 0
  m_Enabled: 1
  serializedVersion: 4
  m_Convex: 0
  m_CookingOptions: 30
  m_Mesh: {fileID: 4608049204969499509, guid: 5135f718cb08d7e47bd46a971a4b1af7, type: 3}
--- !u!1 &9216791112451256808
GameObject:
  m_ObjectHideFlags: 0
  m_CorrespondingSourceObject: {fileID: 0}
  m_PrefabInstance: {fileID: 0}
  m_PrefabAsset: {fileID: 0}
  serializedVersion: 6
  m_Component:
  - component: {fileID: 4854091018468115328}
  - component: {fileID: 1482314502208631652}
  - component: {fileID: 1110516051361702617}
  - component: {fileID: 267573210570529387}
  m_Layer: 0
  m_Name: Plane
  m_TagString: Untagged
  m_Icon: {fileID: 0}
  m_NavMeshLayer: 0
  m_StaticEditorFlags: 0
  m_IsActive: 0
--- !u!4 &4854091018468115328
Transform:
  m_ObjectHideFlags: 0
  m_CorrespondingSourceObject: {fileID: 0}
  m_PrefabInstance: {fileID: 0}
  m_PrefabAsset: {fileID: 0}
  m_GameObject: {fileID: 9216791112451256808}
  m_LocalRotation: {x: -0, y: 0.9197681, z: -0, w: -0.39246222}
  m_LocalPosition: {x: 0, y: 0, z: 0}
  m_LocalScale: {x: 2.0000005, y: 2, z: 2.0000005}
  m_Children: []
  m_Father: {fileID: 1252317404592772976}
  m_RootOrder: 2
  m_LocalEulerAnglesHint: {x: 0, y: 0, z: 0}
--- !u!33 &1482314502208631652
MeshFilter:
  m_ObjectHideFlags: 0
  m_CorrespondingSourceObject: {fileID: 0}
  m_PrefabInstance: {fileID: 0}
  m_PrefabAsset: {fileID: 0}
  m_GameObject: {fileID: 9216791112451256808}
  m_Mesh: {fileID: 10209, guid: 0000000000000000e000000000000000, type: 0}
--- !u!23 &1110516051361702617
MeshRenderer:
  m_ObjectHideFlags: 0
  m_CorrespondingSourceObject: {fileID: 0}
  m_PrefabInstance: {fileID: 0}
  m_PrefabAsset: {fileID: 0}
  m_GameObject: {fileID: 9216791112451256808}
  m_Enabled: 1
  m_CastShadows: 1
  m_ReceiveShadows: 1
  m_DynamicOccludee: 1
  m_MotionVectors: 1
  m_LightProbeUsage: 1
  m_ReflectionProbeUsage: 1
  m_RayTracingMode: 2
  m_RenderingLayerMask: 1
  m_RendererPriority: 0
  m_Materials:
  - {fileID: 10303, guid: 0000000000000000f000000000000000, type: 0}
  m_StaticBatchInfo:
    firstSubMesh: 0
    subMeshCount: 0
  m_StaticBatchRoot: {fileID: 0}
  m_ProbeAnchor: {fileID: 0}
  m_LightProbeVolumeOverride: {fileID: 0}
  m_ScaleInLightmap: 1
  m_ReceiveGI: 1
  m_PreserveUVs: 0
  m_IgnoreNormalsForChartDetection: 0
  m_ImportantGI: 0
  m_StitchLightmapSeams: 1
  m_SelectedEditorRenderState: 3
  m_MinimumChartSize: 4
  m_AutoUVMaxDistance: 0.5
  m_AutoUVMaxAngle: 89
  m_LightmapParameters: {fileID: 0}
  m_SortingLayerID: 0
  m_SortingLayer: 0
  m_SortingOrder: 0
--- !u!64 &267573210570529387
MeshCollider:
  m_ObjectHideFlags: 0
  m_CorrespondingSourceObject: {fileID: 0}
  m_PrefabInstance: {fileID: 0}
  m_PrefabAsset: {fileID: 0}
  m_GameObject: {fileID: 9216791112451256808}
  m_Material: {fileID: 0}
  m_IsTrigger: 0
  m_Enabled: 1
  serializedVersion: 4
  m_Convex: 0
  m_CookingOptions: 30
  m_Mesh: {fileID: 10209, guid: 0000000000000000e000000000000000, type: 0}
--- !u!1001 &555489134029959826
PrefabInstance:
  m_ObjectHideFlags: 0
  serializedVersion: 2
  m_Modification:
    m_TransformParent: {fileID: 1252317404592772976}
    m_Modifications:
    - target: {fileID: 628038809210232708, guid: 5b4593d8202f36b41961d784c35d869d,
        type: 3}
      propertyPath: m_LocalPosition.x
      value: 2.78
      objectReference: {fileID: 0}
    - target: {fileID: 628038809210232708, guid: 5b4593d8202f36b41961d784c35d869d,
        type: 3}
      propertyPath: m_LocalPosition.y
      value: 5.35
      objectReference: {fileID: 0}
    - target: {fileID: 628038809210232708, guid: 5b4593d8202f36b41961d784c35d869d,
        type: 3}
      propertyPath: m_LocalPosition.z
      value: -7.96
      objectReference: {fileID: 0}
    - target: {fileID: 628038809210232708, guid: 5b4593d8202f36b41961d784c35d869d,
        type: 3}
      propertyPath: m_LocalRotation.x
      value: 0.43154368
      objectReference: {fileID: 0}
    - target: {fileID: 628038809210232708, guid: 5b4593d8202f36b41961d784c35d869d,
        type: 3}
      propertyPath: m_LocalRotation.y
      value: 0.30172837
      objectReference: {fileID: 0}
    - target: {fileID: 628038809210232708, guid: 5b4593d8202f36b41961d784c35d869d,
        type: 3}
      propertyPath: m_LocalRotation.z
      value: 0.8357369
      objectReference: {fileID: 0}
    - target: {fileID: 628038809210232708, guid: 5b4593d8202f36b41961d784c35d869d,
        type: 3}
      propertyPath: m_LocalRotation.w
      value: -0.15580119
      objectReference: {fileID: 0}
    - target: {fileID: 628038809210232708, guid: 5b4593d8202f36b41961d784c35d869d,
        type: 3}
      propertyPath: m_RootOrder
      value: 20
      objectReference: {fileID: 0}
    - target: {fileID: 628038809210232708, guid: 5b4593d8202f36b41961d784c35d869d,
        type: 3}
      propertyPath: m_LocalEulerAnglesHint.x
      value: -140.298
      objectReference: {fileID: 0}
    - target: {fileID: 628038809210232708, guid: 5b4593d8202f36b41961d784c35d869d,
        type: 3}
      propertyPath: m_LocalEulerAnglesHint.y
      value: -125.380005
      objectReference: {fileID: 0}
    - target: {fileID: 628038809210232708, guid: 5b4593d8202f36b41961d784c35d869d,
        type: 3}
      propertyPath: m_LocalEulerAnglesHint.z
      value: 0
      objectReference: {fileID: 0}
    - target: {fileID: 628038809210232708, guid: 5b4593d8202f36b41961d784c35d869d,
        type: 3}
      propertyPath: m_LocalScale.x
      value: 1.0000002
      objectReference: {fileID: 0}
    - target: {fileID: 628038809210232708, guid: 5b4593d8202f36b41961d784c35d869d,
        type: 3}
      propertyPath: m_LocalScale.z
      value: 1.0000002
      objectReference: {fileID: 0}
    - target: {fileID: 2890628345614863365, guid: 5b4593d8202f36b41961d784c35d869d,
        type: 3}
      propertyPath: m_Name
      value: rock3
      objectReference: {fileID: 0}
    m_RemovedComponents: []
  m_SourcePrefab: {fileID: 100100000, guid: 5b4593d8202f36b41961d784c35d869d, type: 3}
--- !u!4 &1081501166381264150 stripped
Transform:
  m_CorrespondingSourceObject: {fileID: 628038809210232708, guid: 5b4593d8202f36b41961d784c35d869d,
    type: 3}
  m_PrefabInstance: {fileID: 555489134029959826}
  m_PrefabAsset: {fileID: 0}
--- !u!1001 &852586948432822939
PrefabInstance:
  m_ObjectHideFlags: 0
  serializedVersion: 2
  m_Modification:
    m_TransformParent: {fileID: 1252317404592772976}
    m_Modifications:
    - target: {fileID: 662417820192455912, guid: 0d2f4fda833ee6b48a65f18d6fe50bf0,
        type: 3}
      propertyPath: m_Name
      value: BreadboxShort
      objectReference: {fileID: 0}
    - target: {fileID: 4569527064497180411, guid: 0d2f4fda833ee6b48a65f18d6fe50bf0,
        type: 3}
      propertyPath: m_LocalPosition.x
      value: 2.4797308
      objectReference: {fileID: 0}
    - target: {fileID: 4569527064497180411, guid: 0d2f4fda833ee6b48a65f18d6fe50bf0,
        type: 3}
      propertyPath: m_LocalPosition.y
      value: -8.695282e-18
      objectReference: {fileID: 0}
    - target: {fileID: 4569527064497180411, guid: 0d2f4fda833ee6b48a65f18d6fe50bf0,
        type: 3}
      propertyPath: m_LocalPosition.z
      value: -3.1531885
      objectReference: {fileID: 0}
    - target: {fileID: 4569527064497180411, guid: 0d2f4fda833ee6b48a65f18d6fe50bf0,
        type: 3}
      propertyPath: m_LocalRotation.x
      value: -0
      objectReference: {fileID: 0}
    - target: {fileID: 4569527064497180411, guid: 0d2f4fda833ee6b48a65f18d6fe50bf0,
        type: 3}
      propertyPath: m_LocalRotation.y
      value: 0.9197681
      objectReference: {fileID: 0}
    - target: {fileID: 4569527064497180411, guid: 0d2f4fda833ee6b48a65f18d6fe50bf0,
        type: 3}
      propertyPath: m_LocalRotation.z
      value: -0
      objectReference: {fileID: 0}
    - target: {fileID: 4569527064497180411, guid: 0d2f4fda833ee6b48a65f18d6fe50bf0,
        type: 3}
      propertyPath: m_LocalRotation.w
      value: -0.39246222
      objectReference: {fileID: 0}
    - target: {fileID: 4569527064497180411, guid: 0d2f4fda833ee6b48a65f18d6fe50bf0,
        type: 3}
      propertyPath: m_RootOrder
      value: 13
      objectReference: {fileID: 0}
    - target: {fileID: 4569527064497180411, guid: 0d2f4fda833ee6b48a65f18d6fe50bf0,
        type: 3}
      propertyPath: m_LocalEulerAnglesHint.x
      value: 0
      objectReference: {fileID: 0}
    - target: {fileID: 4569527064497180411, guid: 0d2f4fda833ee6b48a65f18d6fe50bf0,
        type: 3}
      propertyPath: m_LocalEulerAnglesHint.y
      value: 0
      objectReference: {fileID: 0}
    - target: {fileID: 4569527064497180411, guid: 0d2f4fda833ee6b48a65f18d6fe50bf0,
        type: 3}
      propertyPath: m_LocalEulerAnglesHint.z
      value: 0
      objectReference: {fileID: 0}
    - target: {fileID: 4569527064497180411, guid: 0d2f4fda833ee6b48a65f18d6fe50bf0,
        type: 3}
      propertyPath: m_LocalScale.x
      value: 1.0000002
      objectReference: {fileID: 0}
    - target: {fileID: 4569527064497180411, guid: 0d2f4fda833ee6b48a65f18d6fe50bf0,
        type: 3}
      propertyPath: m_LocalScale.z
      value: 1.0000002
      objectReference: {fileID: 0}
    m_RemovedComponents: []
  m_SourcePrefab: {fileID: 100100000, guid: 0d2f4fda833ee6b48a65f18d6fe50bf0, type: 3}
--- !u!4 &3800694936531782752 stripped
Transform:
  m_CorrespondingSourceObject: {fileID: 4569527064497180411, guid: 0d2f4fda833ee6b48a65f18d6fe50bf0,
    type: 3}
  m_PrefabInstance: {fileID: 852586948432822939}
  m_PrefabAsset: {fileID: 0}
--- !u!1001 &1911322157589425006
PrefabInstance:
  m_ObjectHideFlags: 0
  serializedVersion: 2
  m_Modification:
    m_TransformParent: {fileID: 1252317404592772976}
    m_Modifications:
    - target: {fileID: 1686459269461610570, guid: 139c9027b53093942923e36674aebdda,
        type: 3}
      propertyPath: m_LocalPosition.x
      value: -2.58
      objectReference: {fileID: 0}
    - target: {fileID: 1686459269461610570, guid: 139c9027b53093942923e36674aebdda,
        type: 3}
      propertyPath: m_LocalPosition.y
      value: 0.81
      objectReference: {fileID: 0}
    - target: {fileID: 1686459269461610570, guid: 139c9027b53093942923e36674aebdda,
        type: 3}
      propertyPath: m_LocalPosition.z
      value: -3.165
      objectReference: {fileID: 0}
    - target: {fileID: 1686459269461610570, guid: 139c9027b53093942923e36674aebdda,
        type: 3}
      propertyPath: m_LocalRotation.x
      value: -0
      objectReference: {fileID: 0}
    - target: {fileID: 1686459269461610570, guid: 139c9027b53093942923e36674aebdda,
        type: 3}
      propertyPath: m_LocalRotation.y
      value: 0.95164895
      objectReference: {fileID: 0}
    - target: {fileID: 1686459269461610570, guid: 139c9027b53093942923e36674aebdda,
        type: 3}
      propertyPath: m_LocalRotation.z
      value: -0
      objectReference: {fileID: 0}
    - target: {fileID: 1686459269461610570, guid: 139c9027b53093942923e36674aebdda,
        type: 3}
      propertyPath: m_LocalRotation.w
      value: -0.30718768
      objectReference: {fileID: 0}
    - target: {fileID: 1686459269461610570, guid: 139c9027b53093942923e36674aebdda,
        type: 3}
      propertyPath: m_RootOrder
      value: 4
      objectReference: {fileID: 0}
    - target: {fileID: 1686459269461610570, guid: 139c9027b53093942923e36674aebdda,
        type: 3}
      propertyPath: m_LocalEulerAnglesHint.x
      value: 0
      objectReference: {fileID: 0}
    - target: {fileID: 1686459269461610570, guid: 139c9027b53093942923e36674aebdda,
        type: 3}
      propertyPath: m_LocalEulerAnglesHint.y
      value: -144.22
      objectReference: {fileID: 0}
    - target: {fileID: 1686459269461610570, guid: 139c9027b53093942923e36674aebdda,
        type: 3}
      propertyPath: m_LocalEulerAnglesHint.z
      value: 0
      objectReference: {fileID: 0}
    - target: {fileID: 1686459269461610570, guid: 139c9027b53093942923e36674aebdda,
        type: 3}
      propertyPath: m_LocalScale.x
      value: 0.010000003
      objectReference: {fileID: 0}
    - target: {fileID: 1686459269461610570, guid: 139c9027b53093942923e36674aebdda,
        type: 3}
      propertyPath: m_LocalScale.z
      value: 0.010000003
      objectReference: {fileID: 0}
    - target: {fileID: 2395026724610531929, guid: 139c9027b53093942923e36674aebdda,
        type: 3}
      propertyPath: m_Name
      value: rubbishbin (1)
      objectReference: {fileID: 0}
    m_RemovedComponents: []
  m_SourcePrefab: {fileID: 100100000, guid: 139c9027b53093942923e36674aebdda, type: 3}
--- !u!4 &1000327591965489956 stripped
Transform:
  m_CorrespondingSourceObject: {fileID: 1686459269461610570, guid: 139c9027b53093942923e36674aebdda,
    type: 3}
  m_PrefabInstance: {fileID: 1911322157589425006}
  m_PrefabAsset: {fileID: 0}
--- !u!1001 &2723446779401414717
PrefabInstance:
  m_ObjectHideFlags: 0
  serializedVersion: 2
  m_Modification:
    m_TransformParent: {fileID: 1252317404592772976}
    m_Modifications:
    - target: {fileID: 6575571735986174014, guid: 593056d74c37987449627e195f0c8d3a,
        type: 3}
      propertyPath: m_LocalPosition.x
      value: -2.284
      objectReference: {fileID: 0}
    - target: {fileID: 6575571735986174014, guid: 593056d74c37987449627e195f0c8d3a,
        type: 3}
      propertyPath: m_LocalPosition.y
      value: 0.947
      objectReference: {fileID: 0}
    - target: {fileID: 6575571735986174014, guid: 593056d74c37987449627e195f0c8d3a,
        type: 3}
      propertyPath: m_LocalPosition.z
      value: 2.638
      objectReference: {fileID: 0}
    - target: {fileID: 6575571735986174014, guid: 593056d74c37987449627e195f0c8d3a,
        type: 3}
      propertyPath: m_LocalRotation.x
      value: 0.15749349
      objectReference: {fileID: 0}
    - target: {fileID: 6575571735986174014, guid: 593056d74c37987449627e195f0c8d3a,
        type: 3}
      propertyPath: m_LocalRotation.y
      value: 0.7225694
      objectReference: {fileID: 0}
    - target: {fileID: 6575571735986174014, guid: 593056d74c37987449627e195f0c8d3a,
        type: 3}
      propertyPath: m_LocalRotation.z
      value: -0.061771095
      objectReference: {fileID: 0}
    - target: {fileID: 6575571735986174014, guid: 593056d74c37987449627e195f0c8d3a,
        type: 3}
      propertyPath: m_LocalRotation.w
      value: -0.6702787
      objectReference: {fileID: 0}
    - target: {fileID: 6575571735986174014, guid: 593056d74c37987449627e195f0c8d3a,
        type: 3}
      propertyPath: m_RootOrder
      value: 9
      objectReference: {fileID: 0}
    - target: {fileID: 6575571735986174014, guid: 593056d74c37987449627e195f0c8d3a,
        type: 3}
      propertyPath: m_LocalEulerAnglesHint.x
      value: -7.0000005
      objectReference: {fileID: 0}
    - target: {fileID: 6575571735986174014, guid: 593056d74c37987449627e195f0c8d3a,
        type: 3}
      propertyPath: m_LocalEulerAnglesHint.y
      value: -95.424
      objectReference: {fileID: 0}
    - target: {fileID: 6575571735986174014, guid: 593056d74c37987449627e195f0c8d3a,
        type: 3}
      propertyPath: m_LocalEulerAnglesHint.z
      value: 18.224
      objectReference: {fileID: 0}
    - target: {fileID: 6575571735986174014, guid: 593056d74c37987449627e195f0c8d3a,
        type: 3}
      propertyPath: m_LocalScale.x
      value: 1.2883004
      objectReference: {fileID: 0}
    - target: {fileID: 6575571735986174014, guid: 593056d74c37987449627e195f0c8d3a,
        type: 3}
      propertyPath: m_LocalScale.z
      value: 1.2883004
      objectReference: {fileID: 0}
    - target: {fileID: 6575571735986174014, guid: 593056d74c37987449627e195f0c8d3a,
        type: 3}
      propertyPath: m_LocalScale.y
      value: 1.2883
      objectReference: {fileID: 0}
    - target: {fileID: 7861673611895704109, guid: 593056d74c37987449627e195f0c8d3a,
        type: 3}
      propertyPath: m_Name
      value: Broom2
      objectReference: {fileID: 0}
    m_RemovedComponents: []
  m_SourcePrefab: {fileID: 100100000, guid: 593056d74c37987449627e195f0c8d3a, type: 3}
--- !u!4 &9118311283633606659 stripped
Transform:
  m_CorrespondingSourceObject: {fileID: 6575571735986174014, guid: 593056d74c37987449627e195f0c8d3a,
    type: 3}
  m_PrefabInstance: {fileID: 2723446779401414717}
  m_PrefabAsset: {fileID: 0}
--- !u!1001 &3130081270127337685
PrefabInstance:
  m_ObjectHideFlags: 0
  serializedVersion: 2
  m_Modification:
    m_TransformParent: {fileID: 1252317404592772976}
    m_Modifications:
    - target: {fileID: 6189296628971222571, guid: 65fc853f3336bdc4b9b4288a2318114e,
        type: 3}
      propertyPath: m_Name
      value: Palmplant (1)
      objectReference: {fileID: 0}
    - target: {fileID: 7187628066423489592, guid: 65fc853f3336bdc4b9b4288a2318114e,
        type: 3}
      propertyPath: m_LocalPosition.x
      value: -4.334
      objectReference: {fileID: 0}
    - target: {fileID: 7187628066423489592, guid: 65fc853f3336bdc4b9b4288a2318114e,
        type: 3}
      propertyPath: m_LocalPosition.y
      value: -3.89657e-17
      objectReference: {fileID: 0}
    - target: {fileID: 7187628066423489592, guid: 65fc853f3336bdc4b9b4288a2318114e,
        type: 3}
      propertyPath: m_LocalPosition.z
      value: -1.766
      objectReference: {fileID: 0}
    - target: {fileID: 7187628066423489592, guid: 65fc853f3336bdc4b9b4288a2318114e,
        type: 3}
      propertyPath: m_LocalRotation.x
      value: -0
      objectReference: {fileID: 0}
    - target: {fileID: 7187628066423489592, guid: 65fc853f3336bdc4b9b4288a2318114e,
        type: 3}
      propertyPath: m_LocalRotation.y
      value: 0.4411109
      objectReference: {fileID: 0}
    - target: {fileID: 7187628066423489592, guid: 65fc853f3336bdc4b9b4288a2318114e,
        type: 3}
      propertyPath: m_LocalRotation.z
      value: 0
      objectReference: {fileID: 0}
    - target: {fileID: 7187628066423489592, guid: 65fc853f3336bdc4b9b4288a2318114e,
        type: 3}
      propertyPath: m_LocalRotation.w
      value: -0.89745265
      objectReference: {fileID: 0}
    - target: {fileID: 7187628066423489592, guid: 65fc853f3336bdc4b9b4288a2318114e,
        type: 3}
      propertyPath: m_RootOrder
      value: 8
      objectReference: {fileID: 0}
    - target: {fileID: 7187628066423489592, guid: 65fc853f3336bdc4b9b4288a2318114e,
        type: 3}
      propertyPath: m_LocalEulerAnglesHint.x
      value: 0
      objectReference: {fileID: 0}
    - target: {fileID: 7187628066423489592, guid: 65fc853f3336bdc4b9b4288a2318114e,
        type: 3}
      propertyPath: m_LocalEulerAnglesHint.y
      value: -52.350002
      objectReference: {fileID: 0}
    - target: {fileID: 7187628066423489592, guid: 65fc853f3336bdc4b9b4288a2318114e,
        type: 3}
      propertyPath: m_LocalEulerAnglesHint.z
      value: 0
      objectReference: {fileID: 0}
    - target: {fileID: 7187628066423489592, guid: 65fc853f3336bdc4b9b4288a2318114e,
        type: 3}
      propertyPath: m_LocalScale.x
      value: 1.0000002
      objectReference: {fileID: 0}
    - target: {fileID: 7187628066423489592, guid: 65fc853f3336bdc4b9b4288a2318114e,
        type: 3}
      propertyPath: m_LocalScale.z
      value: 1.0000002
      objectReference: {fileID: 0}
    m_RemovedComponents: []
  m_SourcePrefab: {fileID: 100100000, guid: 65fc853f3336bdc4b9b4288a2318114e, type: 3}
--- !u!4 &5246656121770861805 stripped
Transform:
  m_CorrespondingSourceObject: {fileID: 7187628066423489592, guid: 65fc853f3336bdc4b9b4288a2318114e,
    type: 3}
  m_PrefabInstance: {fileID: 3130081270127337685}
  m_PrefabAsset: {fileID: 0}
--- !u!1001 &3657954657100312147
PrefabInstance:
  m_ObjectHideFlags: 0
  serializedVersion: 2
  m_Modification:
    m_TransformParent: {fileID: 1252317404592772976}
    m_Modifications:
    - target: {fileID: 1787486490744435164, guid: 53da43328e078d5418334dacf1e0f6cf,
        type: 3}
      propertyPath: m_LocalPosition.x
      value: 9.54
      objectReference: {fileID: 0}
    - target: {fileID: 1787486490744435164, guid: 53da43328e078d5418334dacf1e0f6cf,
        type: 3}
      propertyPath: m_LocalPosition.y
      value: -1.518
      objectReference: {fileID: 0}
    - target: {fileID: 1787486490744435164, guid: 53da43328e078d5418334dacf1e0f6cf,
        type: 3}
      propertyPath: m_LocalPosition.z
      value: -0.28
      objectReference: {fileID: 0}
    - target: {fileID: 1787486490744435164, guid: 53da43328e078d5418334dacf1e0f6cf,
        type: 3}
      propertyPath: m_LocalRotation.x
      value: -0.08223581
      objectReference: {fileID: 0}
    - target: {fileID: 1787486490744435164, guid: 53da43328e078d5418334dacf1e0f6cf,
        type: 3}
      propertyPath: m_LocalRotation.y
      value: 0.9608592
      objectReference: {fileID: 0}
    - target: {fileID: 1787486490744435164, guid: 53da43328e078d5418334dacf1e0f6cf,
        type: 3}
      propertyPath: m_LocalRotation.z
      value: 0.25348756
      objectReference: {fileID: 0}
    - target: {fileID: 1787486490744435164, guid: 53da43328e078d5418334dacf1e0f6cf,
        type: 3}
      propertyPath: m_LocalRotation.w
      value: -0.07570342
      objectReference: {fileID: 0}
    - target: {fileID: 1787486490744435164, guid: 53da43328e078d5418334dacf1e0f6cf,
        type: 3}
      propertyPath: m_RootOrder
      value: 19
      objectReference: {fileID: 0}
    - target: {fileID: 1787486490744435164, guid: 53da43328e078d5418334dacf1e0f6cf,
        type: 3}
      propertyPath: m_LocalEulerAnglesHint.x
      value: -28.339
      objectReference: {fileID: 0}
    - target: {fileID: 1787486490744435164, guid: 53da43328e078d5418334dacf1e0f6cf,
        type: 3}
      propertyPath: m_LocalEulerAnglesHint.y
      value: -167.72202
      objectReference: {fileID: 0}
    - target: {fileID: 1787486490744435164, guid: 53da43328e078d5418334dacf1e0f6cf,
        type: 3}
      propertyPath: m_LocalEulerAnglesHint.z
      value: -12.895
      objectReference: {fileID: 0}
    - target: {fileID: 1787486490744435164, guid: 53da43328e078d5418334dacf1e0f6cf,
        type: 3}
      propertyPath: m_LocalScale.x
      value: 1.0000002
      objectReference: {fileID: 0}
    - target: {fileID: 1787486490744435164, guid: 53da43328e078d5418334dacf1e0f6cf,
        type: 3}
      propertyPath: m_LocalScale.z
      value: 1.0000002
      objectReference: {fileID: 0}
    - target: {fileID: 4321162437100169463, guid: 53da43328e078d5418334dacf1e0f6cf,
        type: 3}
      propertyPath: m_Name
      value: rock1
      objectReference: {fileID: 0}
    m_RemovedComponents: []
  m_SourcePrefab: {fileID: 100100000, guid: 53da43328e078d5418334dacf1e0f6cf, type: 3}
--- !u!4 &3030297062082256783 stripped
Transform:
  m_CorrespondingSourceObject: {fileID: 1787486490744435164, guid: 53da43328e078d5418334dacf1e0f6cf,
    type: 3}
  m_PrefabInstance: {fileID: 3657954657100312147}
  m_PrefabAsset: {fileID: 0}
--- !u!1001 &3726458683707104394
PrefabInstance:
  m_ObjectHideFlags: 0
  serializedVersion: 2
  m_Modification:
    m_TransformParent: {fileID: 1252317404592772976}
    m_Modifications:
    - target: {fileID: 1504823119616277928, guid: 4a7fc05fc10abbb4292536fbdbb2e704,
        type: 3}
      propertyPath: m_LocalPosition.x
      value: -3.591
      objectReference: {fileID: 0}
    - target: {fileID: 1504823119616277928, guid: 4a7fc05fc10abbb4292536fbdbb2e704,
        type: 3}
      propertyPath: m_LocalPosition.y
      value: -1.06351836e-17
      objectReference: {fileID: 0}
    - target: {fileID: 1504823119616277928, guid: 4a7fc05fc10abbb4292536fbdbb2e704,
        type: 3}
      propertyPath: m_LocalPosition.z
      value: 2.859
      objectReference: {fileID: 0}
    - target: {fileID: 1504823119616277928, guid: 4a7fc05fc10abbb4292536fbdbb2e704,
        type: 3}
      propertyPath: m_LocalRotation.x
      value: -0
      objectReference: {fileID: 0}
    - target: {fileID: 1504823119616277928, guid: 4a7fc05fc10abbb4292536fbdbb2e704,
        type: 3}
      propertyPath: m_LocalRotation.y
      value: 0.31435907
      objectReference: {fileID: 0}
    - target: {fileID: 1504823119616277928, guid: 4a7fc05fc10abbb4292536fbdbb2e704,
        type: 3}
      propertyPath: m_LocalRotation.z
      value: 0
      objectReference: {fileID: 0}
    - target: {fileID: 1504823119616277928, guid: 4a7fc05fc10abbb4292536fbdbb2e704,
        type: 3}
      propertyPath: m_LocalRotation.w
      value: -0.94930416
      objectReference: {fileID: 0}
    - target: {fileID: 1504823119616277928, guid: 4a7fc05fc10abbb4292536fbdbb2e704,
        type: 3}
      propertyPath: m_RootOrder
      value: 7
      objectReference: {fileID: 0}
    - target: {fileID: 1504823119616277928, guid: 4a7fc05fc10abbb4292536fbdbb2e704,
        type: 3}
      propertyPath: m_LocalEulerAnglesHint.x
      value: 0
      objectReference: {fileID: 0}
    - target: {fileID: 1504823119616277928, guid: 4a7fc05fc10abbb4292536fbdbb2e704,
        type: 3}
      propertyPath: m_LocalEulerAnglesHint.y
      value: -36.644
      objectReference: {fileID: 0}
    - target: {fileID: 1504823119616277928, guid: 4a7fc05fc10abbb4292536fbdbb2e704,
        type: 3}
      propertyPath: m_LocalEulerAnglesHint.z
      value: 0
      objectReference: {fileID: 0}
    - target: {fileID: 1504823119616277928, guid: 4a7fc05fc10abbb4292536fbdbb2e704,
        type: 3}
      propertyPath: m_LocalScale.x
      value: 1.0000002
      objectReference: {fileID: 0}
    - target: {fileID: 1504823119616277928, guid: 4a7fc05fc10abbb4292536fbdbb2e704,
        type: 3}
      propertyPath: m_LocalScale.z
      value: 1.0000002
      objectReference: {fileID: 0}
    - target: {fileID: 2502151461972152251, guid: 4a7fc05fc10abbb4292536fbdbb2e704,
        type: 3}
      propertyPath: m_Name
      value: Mushroomcluster
      objectReference: {fileID: 0}
    m_RemovedComponents: []
  m_SourcePrefab: {fileID: 100100000, guid: 4a7fc05fc10abbb4292536fbdbb2e704, type: 3}
--- !u!4 &2834240579516096802 stripped
Transform:
  m_CorrespondingSourceObject: {fileID: 1504823119616277928, guid: 4a7fc05fc10abbb4292536fbdbb2e704,
    type: 3}
  m_PrefabInstance: {fileID: 3726458683707104394}
  m_PrefabAsset: {fileID: 0}
--- !u!1001 &4239752923276084477
PrefabInstance:
  m_ObjectHideFlags: 0
  serializedVersion: 2
  m_Modification:
    m_TransformParent: {fileID: 1252317404592772976}
    m_Modifications:
    - target: {fileID: 5387224887630598690, guid: 58276e0fa26dd4a44ad91d99ca1adb56,
        type: 3}
      propertyPath: m_LocalPosition.x
      value: -1.7584041
      objectReference: {fileID: 0}
    - target: {fileID: 5387224887630598690, guid: 58276e0fa26dd4a44ad91d99ca1adb56,
        type: 3}
      propertyPath: m_LocalPosition.y
      value: -7.8677244e-17
      objectReference: {fileID: 0}
    - target: {fileID: 5387224887630598690, guid: 58276e0fa26dd4a44ad91d99ca1adb56,
        type: 3}
      propertyPath: m_LocalPosition.z
      value: -3.2861342
      objectReference: {fileID: 0}
    - target: {fileID: 5387224887630598690, guid: 58276e0fa26dd4a44ad91d99ca1adb56,
        type: 3}
      propertyPath: m_LocalRotation.x
      value: -0
      objectReference: {fileID: 0}
    - target: {fileID: 5387224887630598690, guid: 58276e0fa26dd4a44ad91d99ca1adb56,
        type: 3}
      propertyPath: m_LocalRotation.y
      value: 0.88625085
      objectReference: {fileID: 0}
    - target: {fileID: 5387224887630598690, guid: 58276e0fa26dd4a44ad91d99ca1adb56,
        type: 3}
      propertyPath: m_LocalRotation.z
      value: 0
      objectReference: {fileID: 0}
    - target: {fileID: 5387224887630598690, guid: 58276e0fa26dd4a44ad91d99ca1adb56,
        type: 3}
      propertyPath: m_LocalRotation.w
      value: -0.4632056
      objectReference: {fileID: 0}
    - target: {fileID: 5387224887630598690, guid: 58276e0fa26dd4a44ad91d99ca1adb56,
        type: 3}
      propertyPath: m_RootOrder
      value: 6
      objectReference: {fileID: 0}
    - target: {fileID: 5387224887630598690, guid: 58276e0fa26dd4a44ad91d99ca1adb56,
        type: 3}
      propertyPath: m_LocalEulerAnglesHint.x
      value: 0
      objectReference: {fileID: 0}
    - target: {fileID: 5387224887630598690, guid: 58276e0fa26dd4a44ad91d99ca1adb56,
        type: 3}
      propertyPath: m_LocalEulerAnglesHint.y
      value: -124.812004
      objectReference: {fileID: 0}
    - target: {fileID: 5387224887630598690, guid: 58276e0fa26dd4a44ad91d99ca1adb56,
        type: 3}
      propertyPath: m_LocalEulerAnglesHint.z
      value: 0
      objectReference: {fileID: 0}
    - target: {fileID: 5387224887630598690, guid: 58276e0fa26dd4a44ad91d99ca1adb56,
        type: 3}
      propertyPath: m_LocalScale.x
      value: 1.0000002
      objectReference: {fileID: 0}
    - target: {fileID: 5387224887630598690, guid: 58276e0fa26dd4a44ad91d99ca1adb56,
        type: 3}
      propertyPath: m_LocalScale.z
      value: 1.0000002
      objectReference: {fileID: 0}
    - target: {fileID: 8977958460122161201, guid: 58276e0fa26dd4a44ad91d99ca1adb56,
        type: 3}
      propertyPath: m_Name
      value: Bucket
      objectReference: {fileID: 0}
    m_RemovedComponents: []
  m_SourcePrefab: {fileID: 100100000, guid: 58276e0fa26dd4a44ad91d99ca1adb56, type: 3}
--- !u!4 &8076612934531684063 stripped
Transform:
  m_CorrespondingSourceObject: {fileID: 5387224887630598690, guid: 58276e0fa26dd4a44ad91d99ca1adb56,
    type: 3}
  m_PrefabInstance: {fileID: 4239752923276084477}
  m_PrefabAsset: {fileID: 0}
--- !u!1001 &4564429001243309220
PrefabInstance:
  m_ObjectHideFlags: 0
  serializedVersion: 2
  m_Modification:
    m_TransformParent: {fileID: 1252317404592772976}
    m_Modifications:
    - target: {fileID: 695161788648316355, guid: 6ab4abd4cff88f04ba03a02da3e989f8,
        type: 3}
      propertyPath: m_LocalPosition.x
      value: -1.3495762
      objectReference: {fileID: 0}
    - target: {fileID: 695161788648316355, guid: 6ab4abd4cff88f04ba03a02da3e989f8,
        type: 3}
      propertyPath: m_LocalPosition.y
      value: 0.3262
      objectReference: {fileID: 0}
    - target: {fileID: 695161788648316355, guid: 6ab4abd4cff88f04ba03a02da3e989f8,
        type: 3}
      propertyPath: m_LocalPosition.z
      value: 3.3806553
      objectReference: {fileID: 0}
    - target: {fileID: 695161788648316355, guid: 6ab4abd4cff88f04ba03a02da3e989f8,
        type: 3}
      propertyPath: m_LocalRotation.x
      value: -0
      objectReference: {fileID: 0}
    - target: {fileID: 695161788648316355, guid: 6ab4abd4cff88f04ba03a02da3e989f8,
        type: 3}
      propertyPath: m_LocalRotation.y
      value: -0.70763135
      objectReference: {fileID: 0}
    - target: {fileID: 695161788648316355, guid: 6ab4abd4cff88f04ba03a02da3e989f8,
        type: 3}
      propertyPath: m_LocalRotation.z
      value: -0
      objectReference: {fileID: 0}
    - target: {fileID: 695161788648316355, guid: 6ab4abd4cff88f04ba03a02da3e989f8,
        type: 3}
      propertyPath: m_LocalRotation.w
      value: 0.70658183
      objectReference: {fileID: 0}
    - target: {fileID: 695161788648316355, guid: 6ab4abd4cff88f04ba03a02da3e989f8,
        type: 3}
      propertyPath: m_RootOrder
      value: 16
      objectReference: {fileID: 0}
    - target: {fileID: 695161788648316355, guid: 6ab4abd4cff88f04ba03a02da3e989f8,
        type: 3}
      propertyPath: m_LocalEulerAnglesHint.x
      value: 0
      objectReference: {fileID: 0}
    - target: {fileID: 695161788648316355, guid: 6ab4abd4cff88f04ba03a02da3e989f8,
        type: 3}
      propertyPath: m_LocalEulerAnglesHint.y
      value: -450.08502
      objectReference: {fileID: 0}
    - target: {fileID: 695161788648316355, guid: 6ab4abd4cff88f04ba03a02da3e989f8,
        type: 3}
      propertyPath: m_LocalEulerAnglesHint.z
      value: 0
      objectReference: {fileID: 0}
    - target: {fileID: 695161788648316355, guid: 6ab4abd4cff88f04ba03a02da3e989f8,
        type: 3}
      propertyPath: m_LocalScale.x
      value: 1.0000002
      objectReference: {fileID: 0}
    - target: {fileID: 695161788648316355, guid: 6ab4abd4cff88f04ba03a02da3e989f8,
        type: 3}
      propertyPath: m_LocalScale.z
      value: 1.0000002
      objectReference: {fileID: 0}
    - target: {fileID: 4611382752369455056, guid: 6ab4abd4cff88f04ba03a02da3e989f8,
        type: 3}
      propertyPath: m_Name
      value: Jar2
      objectReference: {fileID: 0}
    m_RemovedComponents: []
  m_SourcePrefab: {fileID: 100100000, guid: 6ab4abd4cff88f04ba03a02da3e989f8, type: 3}
--- !u!4 &3962514600638277991 stripped
Transform:
  m_CorrespondingSourceObject: {fileID: 695161788648316355, guid: 6ab4abd4cff88f04ba03a02da3e989f8,
    type: 3}
  m_PrefabInstance: {fileID: 4564429001243309220}
  m_PrefabAsset: {fileID: 0}
--- !u!1001 &4800880351964338219
PrefabInstance:
  m_ObjectHideFlags: 0
  serializedVersion: 2
  m_Modification:
    m_TransformParent: {fileID: 1252317404592772976}
    m_Modifications:
    - target: {fileID: 6189296628971222571, guid: 65fc853f3336bdc4b9b4288a2318114e,
        type: 3}
      propertyPath: m_Name
      value: Palmplant
      objectReference: {fileID: 0}
    - target: {fileID: 7187628066423489592, guid: 65fc853f3336bdc4b9b4288a2318114e,
        type: 3}
      propertyPath: m_LocalPosition.x
      value: -4.236577
      objectReference: {fileID: 0}
    - target: {fileID: 7187628066423489592, guid: 65fc853f3336bdc4b9b4288a2318114e,
        type: 3}
      propertyPath: m_LocalPosition.y
      value: -3.89657e-17
      objectReference: {fileID: 0}
    - target: {fileID: 7187628066423489592, guid: 65fc853f3336bdc4b9b4288a2318114e,
        type: 3}
      propertyPath: m_LocalPosition.z
      value: 1.8841503
      objectReference: {fileID: 0}
    - target: {fileID: 7187628066423489592, guid: 65fc853f3336bdc4b9b4288a2318114e,
        type: 3}
      propertyPath: m_LocalRotation.x
      value: -0
      objectReference: {fileID: 0}
    - target: {fileID: 7187628066423489592, guid: 65fc853f3336bdc4b9b4288a2318114e,
        type: 3}
      propertyPath: m_LocalRotation.y
      value: 0.85131514
      objectReference: {fileID: 0}
    - target: {fileID: 7187628066423489592, guid: 65fc853f3336bdc4b9b4288a2318114e,
        type: 3}
      propertyPath: m_LocalRotation.z
      value: 0
      objectReference: {fileID: 0}
    - target: {fileID: 7187628066423489592, guid: 65fc853f3336bdc4b9b4288a2318114e,
        type: 3}
      propertyPath: m_LocalRotation.w
      value: -0.5246548
      objectReference: {fileID: 0}
    - target: {fileID: 7187628066423489592, guid: 65fc853f3336bdc4b9b4288a2318114e,
        type: 3}
      propertyPath: m_RootOrder
      value: 15
      objectReference: {fileID: 0}
    - target: {fileID: 7187628066423489592, guid: 65fc853f3336bdc4b9b4288a2318114e,
        type: 3}
      propertyPath: m_LocalEulerAnglesHint.x
      value: 0
      objectReference: {fileID: 0}
    - target: {fileID: 7187628066423489592, guid: 65fc853f3336bdc4b9b4288a2318114e,
        type: 3}
      propertyPath: m_LocalEulerAnglesHint.y
      value: -116.71001
      objectReference: {fileID: 0}
    - target: {fileID: 7187628066423489592, guid: 65fc853f3336bdc4b9b4288a2318114e,
        type: 3}
      propertyPath: m_LocalEulerAnglesHint.z
      value: 0
      objectReference: {fileID: 0}
    - target: {fileID: 7187628066423489592, guid: 65fc853f3336bdc4b9b4288a2318114e,
        type: 3}
      propertyPath: m_LocalScale.x
      value: 1.0000002
      objectReference: {fileID: 0}
    - target: {fileID: 7187628066423489592, guid: 65fc853f3336bdc4b9b4288a2318114e,
        type: 3}
      propertyPath: m_LocalScale.z
      value: 1.0000002
      objectReference: {fileID: 0}
    m_RemovedComponents: []
  m_SourcePrefab: {fileID: 100100000, guid: 65fc853f3336bdc4b9b4288a2318114e, type: 3}
--- !u!4 &2386822708453202963 stripped
Transform:
  m_CorrespondingSourceObject: {fileID: 7187628066423489592, guid: 65fc853f3336bdc4b9b4288a2318114e,
    type: 3}
  m_PrefabInstance: {fileID: 4800880351964338219}
  m_PrefabAsset: {fileID: 0}
--- !u!1001 &5694419650331532189
PrefabInstance:
  m_ObjectHideFlags: 0
  serializedVersion: 2
  m_Modification:
    m_TransformParent: {fileID: 1252317404592772976}
    m_Modifications:
    - target: {fileID: 1377293594552473267, guid: 96ea7d482ef5d954997fcbb1c94117d6,
        type: 3}
      propertyPath: m_LocalPosition.x
      value: -1.3487349
      objectReference: {fileID: 0}
    - target: {fileID: 1377293594552473267, guid: 96ea7d482ef5d954997fcbb1c94117d6,
        type: 3}
      propertyPath: m_LocalPosition.y
      value: 0.375
      objectReference: {fileID: 0}
    - target: {fileID: 1377293594552473267, guid: 96ea7d482ef5d954997fcbb1c94117d6,
        type: 3}
      propertyPath: m_LocalPosition.z
      value: 2.822985
      objectReference: {fileID: 0}
    - target: {fileID: 1377293594552473267, guid: 96ea7d482ef5d954997fcbb1c94117d6,
        type: 3}
      propertyPath: m_LocalRotation.x
      value: -0
      objectReference: {fileID: 0}
    - target: {fileID: 1377293594552473267, guid: 96ea7d482ef5d954997fcbb1c94117d6,
        type: 3}
      propertyPath: m_LocalRotation.y
      value: 0.9197681
      objectReference: {fileID: 0}
    - target: {fileID: 1377293594552473267, guid: 96ea7d482ef5d954997fcbb1c94117d6,
        type: 3}
      propertyPath: m_LocalRotation.z
      value: -0
      objectReference: {fileID: 0}
    - target: {fileID: 1377293594552473267, guid: 96ea7d482ef5d954997fcbb1c94117d6,
        type: 3}
      propertyPath: m_LocalRotation.w
      value: -0.39246222
      objectReference: {fileID: 0}
    - target: {fileID: 1377293594552473267, guid: 96ea7d482ef5d954997fcbb1c94117d6,
        type: 3}
      propertyPath: m_RootOrder
      value: 11
      objectReference: {fileID: 0}
    - target: {fileID: 1377293594552473267, guid: 96ea7d482ef5d954997fcbb1c94117d6,
        type: 3}
      propertyPath: m_LocalEulerAnglesHint.x
      value: 0
      objectReference: {fileID: 0}
    - target: {fileID: 1377293594552473267, guid: 96ea7d482ef5d954997fcbb1c94117d6,
        type: 3}
      propertyPath: m_LocalEulerAnglesHint.y
      value: 0
      objectReference: {fileID: 0}
    - target: {fileID: 1377293594552473267, guid: 96ea7d482ef5d954997fcbb1c94117d6,
        type: 3}
      propertyPath: m_LocalEulerAnglesHint.z
      value: 0
      objectReference: {fileID: 0}
    - target: {fileID: 1377293594552473267, guid: 96ea7d482ef5d954997fcbb1c94117d6,
        type: 3}
      propertyPath: m_LocalScale.x
      value: 1.0000002
      objectReference: {fileID: 0}
    - target: {fileID: 1377293594552473267, guid: 96ea7d482ef5d954997fcbb1c94117d6,
        type: 3}
      propertyPath: m_LocalScale.z
      value: 1.0000002
      objectReference: {fileID: 0}
    - target: {fileID: 2685967143877371040, guid: 96ea7d482ef5d954997fcbb1c94117d6,
        type: 3}
      propertyPath: m_Name
      value: Jar3
      objectReference: {fileID: 0}
    m_RemovedComponents: []
  m_SourcePrefab: {fileID: 100100000, guid: 96ea7d482ef5d954997fcbb1c94117d6, type: 3}
--- !u!4 &6637045511695846702 stripped
Transform:
  m_CorrespondingSourceObject: {fileID: 1377293594552473267, guid: 96ea7d482ef5d954997fcbb1c94117d6,
    type: 3}
  m_PrefabInstance: {fileID: 5694419650331532189}
  m_PrefabAsset: {fileID: 0}
--- !u!1001 &5947442336131095292
PrefabInstance:
  m_ObjectHideFlags: 0
  serializedVersion: 2
  m_Modification:
    m_TransformParent: {fileID: 1252317404592772976}
    m_Modifications:
    - target: {fileID: 1247737284299022860, guid: 2f1a18791db81a343a99fac5a7452e47,
        type: 3}
      propertyPath: m_Name
      value: Jar1
      objectReference: {fileID: 0}
    - target: {fileID: 2813487166648324127, guid: 2f1a18791db81a343a99fac5a7452e47,
        type: 3}
      propertyPath: m_LocalPosition.x
      value: -2.9824424
      objectReference: {fileID: 0}
    - target: {fileID: 2813487166648324127, guid: 2f1a18791db81a343a99fac5a7452e47,
        type: 3}
      propertyPath: m_LocalPosition.y
      value: 0.357
      objectReference: {fileID: 0}
    - target: {fileID: 2813487166648324127, guid: 2f1a18791db81a343a99fac5a7452e47,
        type: 3}
      propertyPath: m_LocalPosition.z
      value: 2.8706229
      objectReference: {fileID: 0}
    - target: {fileID: 2813487166648324127, guid: 2f1a18791db81a343a99fac5a7452e47,
        type: 3}
      propertyPath: m_LocalRotation.x
      value: -0
      objectReference: {fileID: 0}
    - target: {fileID: 2813487166648324127, guid: 2f1a18791db81a343a99fac5a7452e47,
        type: 3}
      propertyPath: m_LocalRotation.y
      value: 0.9197681
      objectReference: {fileID: 0}
    - target: {fileID: 2813487166648324127, guid: 2f1a18791db81a343a99fac5a7452e47,
        type: 3}
      propertyPath: m_LocalRotation.z
      value: -0
      objectReference: {fileID: 0}
    - target: {fileID: 2813487166648324127, guid: 2f1a18791db81a343a99fac5a7452e47,
        type: 3}
      propertyPath: m_LocalRotation.w
      value: -0.39246222
      objectReference: {fileID: 0}
    - target: {fileID: 2813487166648324127, guid: 2f1a18791db81a343a99fac5a7452e47,
        type: 3}
      propertyPath: m_RootOrder
      value: 10
      objectReference: {fileID: 0}
    - target: {fileID: 2813487166648324127, guid: 2f1a18791db81a343a99fac5a7452e47,
        type: 3}
      propertyPath: m_LocalEulerAnglesHint.x
      value: 0
      objectReference: {fileID: 0}
    - target: {fileID: 2813487166648324127, guid: 2f1a18791db81a343a99fac5a7452e47,
        type: 3}
      propertyPath: m_LocalEulerAnglesHint.y
      value: 0
      objectReference: {fileID: 0}
    - target: {fileID: 2813487166648324127, guid: 2f1a18791db81a343a99fac5a7452e47,
        type: 3}
      propertyPath: m_LocalEulerAnglesHint.z
      value: 0
      objectReference: {fileID: 0}
    - target: {fileID: 2813487166648324127, guid: 2f1a18791db81a343a99fac5a7452e47,
        type: 3}
      propertyPath: m_LocalScale.x
      value: 1.3073003
      objectReference: {fileID: 0}
    - target: {fileID: 2813487166648324127, guid: 2f1a18791db81a343a99fac5a7452e47,
        type: 3}
      propertyPath: m_LocalScale.z
      value: 1.3073003
      objectReference: {fileID: 0}
    - target: {fileID: 2813487166648324127, guid: 2f1a18791db81a343a99fac5a7452e47,
        type: 3}
      propertyPath: m_LocalScale.y
      value: 1.3073
      objectReference: {fileID: 0}
    m_RemovedComponents: []
  m_SourcePrefab: {fileID: 100100000, guid: 2f1a18791db81a343a99fac5a7452e47, type: 3}
--- !u!4 &8467344409296833251 stripped
Transform:
  m_CorrespondingSourceObject: {fileID: 2813487166648324127, guid: 2f1a18791db81a343a99fac5a7452e47,
    type: 3}
  m_PrefabInstance: {fileID: 5947442336131095292}
  m_PrefabAsset: {fileID: 0}
--- !u!1001 &7053031494663965969
PrefabInstance:
  m_ObjectHideFlags: 0
  serializedVersion: 2
  m_Modification:
    m_TransformParent: {fileID: 1252317404592772976}
    m_Modifications:
    - target: {fileID: 4646971632902804998, guid: e8050bbf2d535f44293c8f0a0508437e,
        type: 3}
      propertyPath: m_LocalPosition.x
      value: 1.236
      objectReference: {fileID: 0}
    - target: {fileID: 4646971632902804998, guid: e8050bbf2d535f44293c8f0a0508437e,
        type: 3}
      propertyPath: m_LocalPosition.y
      value: 0
      objectReference: {fileID: 0}
    - target: {fileID: 4646971632902804998, guid: e8050bbf2d535f44293c8f0a0508437e,
        type: 3}
      propertyPath: m_LocalPosition.z
      value: 4.241
      objectReference: {fileID: 0}
    - target: {fileID: 4646971632902804998, guid: e8050bbf2d535f44293c8f0a0508437e,
        type: 3}
      propertyPath: m_LocalRotation.x
      value: -0
      objectReference: {fileID: 0}
    - target: {fileID: 4646971632902804998, guid: e8050bbf2d535f44293c8f0a0508437e,
        type: 3}
      propertyPath: m_LocalRotation.y
      value: 0.59796625
      objectReference: {fileID: 0}
    - target: {fileID: 4646971632902804998, guid: e8050bbf2d535f44293c8f0a0508437e,
        type: 3}
      propertyPath: m_LocalRotation.z
      value: 0
      objectReference: {fileID: 0}
    - target: {fileID: 4646971632902804998, guid: e8050bbf2d535f44293c8f0a0508437e,
        type: 3}
      propertyPath: m_LocalRotation.w
      value: -0.80152136
      objectReference: {fileID: 0}
    - target: {fileID: 4646971632902804998, guid: e8050bbf2d535f44293c8f0a0508437e,
        type: 3}
      propertyPath: m_RootOrder
      value: 18
      objectReference: {fileID: 0}
    - target: {fileID: 4646971632902804998, guid: e8050bbf2d535f44293c8f0a0508437e,
        type: 3}
      propertyPath: m_LocalEulerAnglesHint.x
      value: 0
      objectReference: {fileID: 0}
    - target: {fileID: 4646971632902804998, guid: e8050bbf2d535f44293c8f0a0508437e,
        type: 3}
      propertyPath: m_LocalEulerAnglesHint.y
      value: -73.449005
      objectReference: {fileID: 0}
    - target: {fileID: 4646971632902804998, guid: e8050bbf2d535f44293c8f0a0508437e,
        type: 3}
      propertyPath: m_LocalEulerAnglesHint.z
      value: 0
      objectReference: {fileID: 0}
    - target: {fileID: 8513498522474767381, guid: e8050bbf2d535f44293c8f0a0508437e,
        type: 3}
      propertyPath: m_Name
      value: Marketcart
      objectReference: {fileID: 0}
    m_RemovedComponents: []
  m_SourcePrefab: {fileID: 100100000, guid: e8050bbf2d535f44293c8f0a0508437e, type: 3}
--- !u!4 &2421875376615299863 stripped
Transform:
  m_CorrespondingSourceObject: {fileID: 4646971632902804998, guid: e8050bbf2d535f44293c8f0a0508437e,
    type: 3}
  m_PrefabInstance: {fileID: 7053031494663965969}
  m_PrefabAsset: {fileID: 0}
--- !u!1001 &7113382908091282125
PrefabInstance:
  m_ObjectHideFlags: 0
  serializedVersion: 2
  m_Modification:
    m_TransformParent: {fileID: 1252317404592772976}
    m_Modifications:
    - target: {fileID: 1686459269461610570, guid: 139c9027b53093942923e36674aebdda,
        type: 3}
      propertyPath: m_LocalPosition.x
      value: -3.39
      objectReference: {fileID: 0}
    - target: {fileID: 1686459269461610570, guid: 139c9027b53093942923e36674aebdda,
        type: 3}
      propertyPath: m_LocalPosition.y
      value: 0.81
      objectReference: {fileID: 0}
    - target: {fileID: 1686459269461610570, guid: 139c9027b53093942923e36674aebdda,
        type: 3}
      propertyPath: m_LocalPosition.z
      value: -3.16
      objectReference: {fileID: 0}
    - target: {fileID: 1686459269461610570, guid: 139c9027b53093942923e36674aebdda,
        type: 3}
      propertyPath: m_LocalRotation.x
      value: -0
      objectReference: {fileID: 0}
    - target: {fileID: 1686459269461610570, guid: 139c9027b53093942923e36674aebdda,
        type: 3}
      propertyPath: m_LocalRotation.y
      value: 0.9197681
      objectReference: {fileID: 0}
    - target: {fileID: 1686459269461610570, guid: 139c9027b53093942923e36674aebdda,
        type: 3}
      propertyPath: m_LocalRotation.z
      value: -0
      objectReference: {fileID: 0}
    - target: {fileID: 1686459269461610570, guid: 139c9027b53093942923e36674aebdda,
        type: 3}
      propertyPath: m_LocalRotation.w
      value: -0.39246222
      objectReference: {fileID: 0}
    - target: {fileID: 1686459269461610570, guid: 139c9027b53093942923e36674aebdda,
        type: 3}
      propertyPath: m_RootOrder
      value: 3
      objectReference: {fileID: 0}
    - target: {fileID: 1686459269461610570, guid: 139c9027b53093942923e36674aebdda,
        type: 3}
      propertyPath: m_LocalEulerAnglesHint.x
      value: 0
      objectReference: {fileID: 0}
    - target: {fileID: 1686459269461610570, guid: 139c9027b53093942923e36674aebdda,
        type: 3}
      propertyPath: m_LocalEulerAnglesHint.y
      value: 0
      objectReference: {fileID: 0}
    - target: {fileID: 1686459269461610570, guid: 139c9027b53093942923e36674aebdda,
        type: 3}
      propertyPath: m_LocalEulerAnglesHint.z
      value: 0
      objectReference: {fileID: 0}
    - target: {fileID: 1686459269461610570, guid: 139c9027b53093942923e36674aebdda,
        type: 3}
      propertyPath: m_LocalScale.x
      value: 0.010000003
      objectReference: {fileID: 0}
    - target: {fileID: 1686459269461610570, guid: 139c9027b53093942923e36674aebdda,
        type: 3}
      propertyPath: m_LocalScale.z
      value: 0.010000003
      objectReference: {fileID: 0}
    - target: {fileID: 2395026724610531929, guid: 139c9027b53093942923e36674aebdda,
        type: 3}
      propertyPath: m_Name
      value: rubbishbin
      objectReference: {fileID: 0}
    m_RemovedComponents: []
  m_SourcePrefab: {fileID: 100100000, guid: 139c9027b53093942923e36674aebdda, type: 3}
--- !u!4 &8489375269515240071 stripped
Transform:
  m_CorrespondingSourceObject: {fileID: 1686459269461610570, guid: 139c9027b53093942923e36674aebdda,
    type: 3}
  m_PrefabInstance: {fileID: 7113382908091282125}
  m_PrefabAsset: {fileID: 0}
--- !u!1001 &7967415254158267543
PrefabInstance:
  m_ObjectHideFlags: 0
  serializedVersion: 2
  m_Modification:
    m_TransformParent: {fileID: 1252317404592772976}
    m_Modifications:
    - target: {fileID: 662417820192455912, guid: 0d2f4fda833ee6b48a65f18d6fe50bf0,
        type: 3}
      propertyPath: m_Name
      value: BreadboxShort (2)
      objectReference: {fileID: 0}
    - target: {fileID: 4569527064497180411, guid: 0d2f4fda833ee6b48a65f18d6fe50bf0,
        type: 3}
      propertyPath: m_LocalPosition.x
      value: 2.5086
      objectReference: {fileID: 0}
    - target: {fileID: 4569527064497180411, guid: 0d2f4fda833ee6b48a65f18d6fe50bf0,
        type: 3}
      propertyPath: m_LocalPosition.y
      value: 0.2357
      objectReference: {fileID: 0}
    - target: {fileID: 4569527064497180411, guid: 0d2f4fda833ee6b48a65f18d6fe50bf0,
        type: 3}
      propertyPath: m_LocalPosition.z
      value: -3.1706
      objectReference: {fileID: 0}
    - target: {fileID: 4569527064497180411, guid: 0d2f4fda833ee6b48a65f18d6fe50bf0,
        type: 3}
      propertyPath: m_LocalRotation.x
      value: -0
      objectReference: {fileID: 0}
    - target: {fileID: 4569527064497180411, guid: 0d2f4fda833ee6b48a65f18d6fe50bf0,
        type: 3}
      propertyPath: m_LocalRotation.y
      value: 0.6572947
      objectReference: {fileID: 0}
    - target: {fileID: 4569527064497180411, guid: 0d2f4fda833ee6b48a65f18d6fe50bf0,
        type: 3}
      propertyPath: m_LocalRotation.z
      value: 0
      objectReference: {fileID: 0}
    - target: {fileID: 4569527064497180411, guid: 0d2f4fda833ee6b48a65f18d6fe50bf0,
        type: 3}
      propertyPath: m_LocalRotation.w
      value: -0.7536336
      objectReference: {fileID: 0}
    - target: {fileID: 4569527064497180411, guid: 0d2f4fda833ee6b48a65f18d6fe50bf0,
        type: 3}
      propertyPath: m_RootOrder
      value: 17
      objectReference: {fileID: 0}
    - target: {fileID: 4569527064497180411, guid: 0d2f4fda833ee6b48a65f18d6fe50bf0,
        type: 3}
      propertyPath: m_LocalEulerAnglesHint.x
      value: 0
      objectReference: {fileID: 0}
    - target: {fileID: 4569527064497180411, guid: 0d2f4fda833ee6b48a65f18d6fe50bf0,
        type: 3}
      propertyPath: m_LocalEulerAnglesHint.y
      value: -82.188
      objectReference: {fileID: 0}
    - target: {fileID: 4569527064497180411, guid: 0d2f4fda833ee6b48a65f18d6fe50bf0,
        type: 3}
      propertyPath: m_LocalEulerAnglesHint.z
      value: 0
      objectReference: {fileID: 0}
    - target: {fileID: 4569527064497180411, guid: 0d2f4fda833ee6b48a65f18d6fe50bf0,
        type: 3}
      propertyPath: m_LocalScale.x
      value: 1.0000002
      objectReference: {fileID: 0}
    - target: {fileID: 4569527064497180411, guid: 0d2f4fda833ee6b48a65f18d6fe50bf0,
        type: 3}
      propertyPath: m_LocalScale.z
      value: 1.0000002
      objectReference: {fileID: 0}
    m_RemovedComponents: []
  m_SourcePrefab: {fileID: 100100000, guid: 0d2f4fda833ee6b48a65f18d6fe50bf0, type: 3}
--- !u!4 &5907536692344167020 stripped
Transform:
  m_CorrespondingSourceObject: {fileID: 4569527064497180411, guid: 0d2f4fda833ee6b48a65f18d6fe50bf0,
    type: 3}
  m_PrefabInstance: {fileID: 7967415254158267543}
  m_PrefabAsset: {fileID: 0}
--- !u!1001 &8221323222477594301
PrefabInstance:
  m_ObjectHideFlags: 0
  serializedVersion: 2
  m_Modification:
    m_TransformParent: {fileID: 1252317404592772976}
    m_Modifications:
    - target: {fileID: 5387224887630598690, guid: 58276e0fa26dd4a44ad91d99ca1adb56,
        type: 3}
      propertyPath: m_LocalPosition.x
      value: -2.229
      objectReference: {fileID: 0}
    - target: {fileID: 5387224887630598690, guid: 58276e0fa26dd4a44ad91d99ca1adb56,
        type: 3}
      propertyPath: m_LocalPosition.y
      value: -1.00019225e-16
      objectReference: {fileID: 0}
    - target: {fileID: 5387224887630598690, guid: 58276e0fa26dd4a44ad91d99ca1adb56,
        type: 3}
      propertyPath: m_LocalPosition.z
      value: -3.98
      objectReference: {fileID: 0}
    - target: {fileID: 5387224887630598690, guid: 58276e0fa26dd4a44ad91d99ca1adb56,
        type: 3}
      propertyPath: m_LocalRotation.x
      value: -0
      objectReference: {fileID: 0}
    - target: {fileID: 5387224887630598690, guid: 58276e0fa26dd4a44ad91d99ca1adb56,
        type: 3}
      propertyPath: m_LocalRotation.y
      value: 0.999592
      objectReference: {fileID: 0}
    - target: {fileID: 5387224887630598690, guid: 58276e0fa26dd4a44ad91d99ca1adb56,
        type: 3}
      propertyPath: m_LocalRotation.z
      value: -0
      objectReference: {fileID: 0}
    - target: {fileID: 5387224887630598690, guid: 58276e0fa26dd4a44ad91d99ca1adb56,
        type: 3}
      propertyPath: m_LocalRotation.w
      value: 0.028563919
      objectReference: {fileID: 0}
    - target: {fileID: 5387224887630598690, guid: 58276e0fa26dd4a44ad91d99ca1adb56,
        type: 3}
      propertyPath: m_RootOrder
      value: 5
      objectReference: {fileID: 0}
    - target: {fileID: 5387224887630598690, guid: 58276e0fa26dd4a44ad91d99ca1adb56,
        type: 3}
      propertyPath: m_LocalEulerAnglesHint.x
      value: 0
      objectReference: {fileID: 0}
    - target: {fileID: 5387224887630598690, guid: 58276e0fa26dd4a44ad91d99ca1adb56,
        type: 3}
      propertyPath: m_LocalEulerAnglesHint.y
      value: -183.27399
      objectReference: {fileID: 0}
    - target: {fileID: 5387224887630598690, guid: 58276e0fa26dd4a44ad91d99ca1adb56,
        type: 3}
      propertyPath: m_LocalEulerAnglesHint.z
      value: 0
      objectReference: {fileID: 0}
    - target: {fileID: 5387224887630598690, guid: 58276e0fa26dd4a44ad91d99ca1adb56,
        type: 3}
      propertyPath: m_LocalScale.x
      value: 1.0000002
      objectReference: {fileID: 0}
    - target: {fileID: 5387224887630598690, guid: 58276e0fa26dd4a44ad91d99ca1adb56,
        type: 3}
      propertyPath: m_LocalScale.z
      value: 1.0000002
      objectReference: {fileID: 0}
    - target: {fileID: 8977958460122161201, guid: 58276e0fa26dd4a44ad91d99ca1adb56,
        type: 3}
      propertyPath: m_Name
      value: Bucket (1)
      objectReference: {fileID: 0}
    m_RemovedComponents: []
  m_SourcePrefab: {fileID: 100100000, guid: 58276e0fa26dd4a44ad91d99ca1adb56, type: 3}
--- !u!4 &4096944803201141919 stripped
Transform:
  m_CorrespondingSourceObject: {fileID: 5387224887630598690, guid: 58276e0fa26dd4a44ad91d99ca1adb56,
    type: 3}
  m_PrefabInstance: {fileID: 8221323222477594301}
  m_PrefabAsset: {fileID: 0}
--- !u!1001 &8245794605523302218
PrefabInstance:
  m_ObjectHideFlags: 0
  serializedVersion: 2
  m_Modification:
    m_TransformParent: {fileID: 1252317404592772976}
    m_Modifications:
    - target: {fileID: 5153717189069579079, guid: 68a12ac0d2c065f48b66f5871ed1da6b,
        type: 3}
      propertyPath: m_Name
      value: BreadboxTall
      objectReference: {fileID: 0}
    - target: {fileID: 8205267849372488020, guid: 68a12ac0d2c065f48b66f5871ed1da6b,
        type: 3}
      propertyPath: m_LocalPosition.x
      value: 3.229
      objectReference: {fileID: 0}
    - target: {fileID: 8205267849372488020, guid: 68a12ac0d2c065f48b66f5871ed1da6b,
        type: 3}
      propertyPath: m_LocalPosition.y
      value: -1.3581566e-17
      objectReference: {fileID: 0}
    - target: {fileID: 8205267849372488020, guid: 68a12ac0d2c065f48b66f5871ed1da6b,
        type: 3}
      propertyPath: m_LocalPosition.z
      value: -2.905
      objectReference: {fileID: 0}
    - target: {fileID: 8205267849372488020, guid: 68a12ac0d2c065f48b66f5871ed1da6b,
        type: 3}
      propertyPath: m_LocalRotation.x
      value: -0
      objectReference: {fileID: 0}
    - target: {fileID: 8205267849372488020, guid: 68a12ac0d2c065f48b66f5871ed1da6b,
        type: 3}
      propertyPath: m_LocalRotation.y
      value: 0.99951017
      objectReference: {fileID: 0}
    - target: {fileID: 8205267849372488020, guid: 68a12ac0d2c065f48b66f5871ed1da6b,
        type: 3}
      propertyPath: m_LocalRotation.z
      value: -0
      objectReference: {fileID: 0}
    - target: {fileID: 8205267849372488020, guid: 68a12ac0d2c065f48b66f5871ed1da6b,
        type: 3}
      propertyPath: m_LocalRotation.w
      value: -0.031295538
      objectReference: {fileID: 0}
    - target: {fileID: 8205267849372488020, guid: 68a12ac0d2c065f48b66f5871ed1da6b,
        type: 3}
      propertyPath: m_RootOrder
      value: 12
      objectReference: {fileID: 0}
    - target: {fileID: 8205267849372488020, guid: 68a12ac0d2c065f48b66f5871ed1da6b,
        type: 3}
      propertyPath: m_LocalEulerAnglesHint.x
      value: 0
      objectReference: {fileID: 0}
    - target: {fileID: 8205267849372488020, guid: 68a12ac0d2c065f48b66f5871ed1da6b,
        type: 3}
      propertyPath: m_LocalEulerAnglesHint.y
      value: -176.41301
      objectReference: {fileID: 0}
    - target: {fileID: 8205267849372488020, guid: 68a12ac0d2c065f48b66f5871ed1da6b,
        type: 3}
      propertyPath: m_LocalEulerAnglesHint.z
      value: 0
      objectReference: {fileID: 0}
    - target: {fileID: 8205267849372488020, guid: 68a12ac0d2c065f48b66f5871ed1da6b,
        type: 3}
      propertyPath: m_LocalScale.x
      value: 1.0000002
      objectReference: {fileID: 0}
    - target: {fileID: 8205267849372488020, guid: 68a12ac0d2c065f48b66f5871ed1da6b,
        type: 3}
      propertyPath: m_LocalScale.z
      value: 1.0000002
      objectReference: {fileID: 0}
    m_RemovedComponents: []
  m_SourcePrefab: {fileID: 100100000, guid: 68a12ac0d2c065f48b66f5871ed1da6b, type: 3}
--- !u!4 &265718029282420254 stripped
Transform:
  m_CorrespondingSourceObject: {fileID: 8205267849372488020, guid: 68a12ac0d2c065f48b66f5871ed1da6b,
    type: 3}
  m_PrefabInstance: {fileID: 8245794605523302218}
  m_PrefabAsset: {fileID: 0}
--- !u!1001 &8936863287314907938
PrefabInstance:
  m_ObjectHideFlags: 0
  serializedVersion: 2
  m_Modification:
    m_TransformParent: {fileID: 1252317404592772976}
    m_Modifications:
    - target: {fileID: 662417820192455912, guid: 0d2f4fda833ee6b48a65f18d6fe50bf0,
        type: 3}
      propertyPath: m_Name
      value: BreadboxShort (1)
      objectReference: {fileID: 0}
    - target: {fileID: 4569527064497180411, guid: 0d2f4fda833ee6b48a65f18d6fe50bf0,
        type: 3}
      propertyPath: m_LocalPosition.x
      value: 3.296
      objectReference: {fileID: 0}
    - target: {fileID: 4569527064497180411, guid: 0d2f4fda833ee6b48a65f18d6fe50bf0,
        type: 3}
      propertyPath: m_LocalPosition.y
      value: -8.695282e-18
      objectReference: {fileID: 0}
    - target: {fileID: 4569527064497180411, guid: 0d2f4fda833ee6b48a65f18d6fe50bf0,
        type: 3}
      propertyPath: m_LocalPosition.z
      value: -3.775
      objectReference: {fileID: 0}
    - target: {fileID: 4569527064497180411, guid: 0d2f4fda833ee6b48a65f18d6fe50bf0,
        type: 3}
      propertyPath: m_LocalRotation.x
      value: -0
      objectReference: {fileID: 0}
    - target: {fileID: 4569527064497180411, guid: 0d2f4fda833ee6b48a65f18d6fe50bf0,
        type: 3}
      propertyPath: m_LocalRotation.y
      value: 0.99264866
      objectReference: {fileID: 0}
    - target: {fileID: 4569527064497180411, guid: 0d2f4fda833ee6b48a65f18d6fe50bf0,
        type: 3}
      propertyPath: m_LocalRotation.z
      value: -0
      objectReference: {fileID: 0}
    - target: {fileID: 4569527064497180411, guid: 0d2f4fda833ee6b48a65f18d6fe50bf0,
        type: 3}
      propertyPath: m_LocalRotation.w
      value: 0.1210315
      objectReference: {fileID: 0}
    - target: {fileID: 4569527064497180411, guid: 0d2f4fda833ee6b48a65f18d6fe50bf0,
        type: 3}
      propertyPath: m_RootOrder
      value: 14
      objectReference: {fileID: 0}
    - target: {fileID: 4569527064497180411, guid: 0d2f4fda833ee6b48a65f18d6fe50bf0,
        type: 3}
      propertyPath: m_LocalEulerAnglesHint.x
      value: 0
      objectReference: {fileID: 0}
    - target: {fileID: 4569527064497180411, guid: 0d2f4fda833ee6b48a65f18d6fe50bf0,
        type: 3}
      propertyPath: m_LocalEulerAnglesHint.y
      value: -193.90298
      objectReference: {fileID: 0}
    - target: {fileID: 4569527064497180411, guid: 0d2f4fda833ee6b48a65f18d6fe50bf0,
        type: 3}
      propertyPath: m_LocalEulerAnglesHint.z
      value: 0
      objectReference: {fileID: 0}
    - target: {fileID: 4569527064497180411, guid: 0d2f4fda833ee6b48a65f18d6fe50bf0,
        type: 3}
      propertyPath: m_LocalScale.x
      value: 1.0000002
      objectReference: {fileID: 0}
    - target: {fileID: 4569527064497180411, guid: 0d2f4fda833ee6b48a65f18d6fe50bf0,
        type: 3}
      propertyPath: m_LocalScale.z
      value: 1.0000002
      objectReference: {fileID: 0}
    m_RemovedComponents: []
  m_SourcePrefab: {fileID: 100100000, guid: 0d2f4fda833ee6b48a65f18d6fe50bf0, type: 3}
--- !u!4 &4858299230663593433 stripped
Transform:
  m_CorrespondingSourceObject: {fileID: 4569527064497180411, guid: 0d2f4fda833ee6b48a65f18d6fe50bf0,
    type: 3}
  m_PrefabInstance: {fileID: 8936863287314907938}
  m_PrefabAsset: {fileID: 0}
